
@article{aizenberg2004biological,
  title = {Biological glass fibers: correlation between optical and structural properties},
  author = {Aizenberg, Joanna and Sundar, Vikram C and Yablon, Andrew D and Weaver, James C and Chen, Gang},
  year = {2004},
  volume = {101},
  pages = {3358--3363},
  publisher = {{National Acad Sciences}},
  journal = {Proceedings of the National Academy of Sciences}
}

@article{aizenberg2005skeleton,
  title = {Skeleton of {{{\emph{Euplectella}}}} sp.: structural hierarchy from the nanoscale to the macroscale},
  author = {Aizenberg, Joanna and Weaver, James C and Thanawala, Monica S and Sundar, Vikram C and Morse, Daniel E and Fratzl, Peter},
  year = {2005},
  volume = {309},
  pages = {275--278},
  publisher = {{American Association for the Advancement of Science}},
  journal = {Science}
}

@article{alber1999generation,
  title = {Generation and visualization of microfractures in {{Carrara}} marble for estimating fracture toughness, fracture shear and fracture normal stiffness},
  author = {Alber, M and Hauptfleisch, U},
  year = {1999},
  volume = {8},
  pages = {1065--1071},
  journal = {International Journal of Rock Mechanics and Mining Sciences}
}

@book{ashby1999materials,
  title = {{{MATERIALS SELECTION IN MECHANICAL DESIGN}}},
  author = {Ashby, Michael F.},
  year = {1999},
  edition = {Second},
  publisher = {{Butterworth-Heinemann}}
}

@inproceedings{atkinson1979fracture,
  title = {Fracture toughness of {{Tennessee}} sandstone and {{Carrara}} marble using the double torsion testing method},
  booktitle = {International journal of rock mechanics and mining sciences},
  author = {Atkinson, BK},
  year = {1979},
  volume = {16},
  pages = {49--53},
  organization = {{Elsevier}}
}

@inproceedings{backers2002fractography,
  title = {Fractography of rock from the new punch-through shear test},
  booktitle = {Structural integrity and {{Fracture}}\textendash{{The}} international conference on structural integrity and fracture, perth, australia},
  author = {Backers, T and Rybacki, E and Alber, M and Stephansson, O},
  year = {2002},
  pages = {303--308}
}

@article{backers2002rock,
  title = {Rock fracture toughness testing in {{Mode II}}\textemdash punch-through shear test},
  author = {Backers, T and Stephansson, O and Rybacki, E},
  year = {2002},
  volume = {39},
  pages = {755--769},
  publisher = {{Elsevier}},
  journal = {International Journal of Rock Mechanics and Mining Sciences}
}

@article{barinov1994work,
  title = {The work-of-fracture of brittle materials: {{Principle}}, determination, and applications},
  author = {Barinov, SM and Sakai, M},
  year = {1994},
  volume = {9},
  pages = {1412--1425},
  publisher = {{Cambridge University Press}},
  journal = {Journal of Materials Research}
}

@article{barthelat2006mechanical,
  title = {Mechanical properties of nacre constituents and their impact on mechanical performance},
  author = {Barthelat, Fran{\c c}ois and Li, Chun-Ming and Comi, Claudia and Espinosa, Horacio D},
  year = {2006},
  volume = {21},
  pages = {1977--1986},
  publisher = {{Cambridge University Press}},
  journal = {Journal of Materials Research}
}

@article{barthelat2007biomimetics,
  title = {Biomimetics for next generation materials},
  author = {Barthelat, Francois},
  year = {2007},
  volume = {365},
  pages = {2907--2919},
  publisher = {{The Royal Society}},
  journal = {Phil. Trans. R. Soc. Lond. A}
}

@article{barthelat2007mechanics,
  title = {On the mechanics of mother-of-pearl: a key feature in the material hierarchical structure},
  author = {Barthelat, F and Tang, H and Zavattieri, PD and Li, C-M and Espinosa, HD},
  year = {2007},
  volume = {55},
  pages = {306--337},
  publisher = {{Elsevier}},
  journal = {J. Mech. Phys. Solids.}
}

@incollection{Barthelat2009review,
  title = {A review on the structure and mechanical properties of mollusk shells\textendash perspectives on synthetic biomimetic materials},
  booktitle = {Applied scanning probe methods {{XIII}}: {{Biomimetics}} and industrial applications},
  author = {Barthelat, F. and Rim, J.E.and Espinosa, H.D.},
  year = {2009},
  pages = {17--44},
  publisher = {{Springer Berlin Heidelberg}},
  address = {{Berlin, Heidelberg}},
  chapter = {19}
}

@article{barthelat2010nacre,
  title = {Nacre from mollusk shells: a model for high-performance structural materials},
  author = {Barthelat, Francois},
  year = {2010},
  volume = {5},
  pages = {035001},
  publisher = {{IOP Publishing}},
  journal = {Bioinspiration \& Biomimetics}
}


@article{barthelat2011toughness,
  title = {Toughness amplification in natural composites},
  author = {Barthelat, Francois and Rabiei, Reza},
  year = {2011},
  volume = {59},
  pages = {829--840},
  publisher = {{Elsevier}},
  journal = {J. Mech. Phys. Solids.}
}

@article{barthelat2015architectured,
  title = {Architectured materials in engineering and biology: fabrication, structure, mechanics and performance},
  author = {Barthelat, F},
  year = {2015},
  volume = {60},
  pages = {413--430},
  publisher = {{Taylor \& Francis}},
  journal = {International Materials Reviews}
}

@article{baucom2003evolution,
  title = {Evolution of failure mechanisms in {{2D}} and {{3D}} woven composite systems under quasi-static perforation},
  author = {Baucom, JN and Zikry, MA},
  year = {2003},
  volume = {37},
  pages = {1651--1674},
  publisher = {{Sage Publications}},
  journal = {Journal of Composite Materials}
}

@article{becher1991microstructural,
  title = {Microstructural design of toughened ceramics},
  author = {Becher, PF},
  year = {1991},
  volume = {74},
  pages = {255--269},
  publisher = {{Wiley Online Library}},
  journal = {Journal of the American Ceramic Society}
}

@book{bergquist1978sponges,
  title = {Sponges},
  author = {Bergquist, Patricia R},
  year = {1978},
  publisher = {{Univ of California Press}}
}

@book{Bowden2001Friction,
  title = {The friction and lubrication of solids},
  author = {Bowden, F. P. and Bowden, Frank Philip and Tabor, David},
  year = {2001},
  publisher = {{Clarendon Press}},
  address = {{Oxford}}
}

@book{Boyce2012Elementary,
  title = {Elementary differential equations and boundary value problems},
  author = {Boyce, William E. and DiPrima, Richard C.},
  year = {2012},
  publisher = {{Wiley}},
  address = {{Hoboken}},
  lccn = {QA371 .B773 2012}
}

@article{brennan1982silicon,
  title = {Silicon carbide fibre reinforced glass-ceramic matrix composites exhibiting high strength and toughness},
  author = {Brennan, JJ and Prewo, KM},
  year = {1982},
  volume = {17},
  pages = {2371--2383},
  publisher = {{Springer}},
  journal = {Journal of Materials Science}
}

@article{browning2013mechanics,
  title = {Mechanics of composite elasmoid fish scale assemblies and their bioinspired analogues},
  author = {Browning, Ashley and Ortiz, Christine and Boyce, Mary C},
  year = {2013},
  volume = {19},
  pages = {75--86},
  publisher = {{Elsevier}},
  journal = {Journal of the Mechanical Behavior of Biomedical Materials}
}

@article{bush1976experimentally,
  title = {Experimentally determined stress-intensity factors for single-edge-crack round bars loaded in bending},
  author = {Bush, Arthur J},
  year = {1976},
  volume = {16},
  pages = {249--257},
  publisher = {{Springer}},
  journal = {Experimental Mechanics}
}

@article{chai2009simple,
  title = {A simple model for enamel fracture from margin cracks},
  author = {Chai, Herzl and Lee, James J-W and Kwon, Jae-Young and Lucas, Peter W and Lawn, Brian R},
  year = {2009},
  volume = {5},
  pages = {1663--1667},
  publisher = {{Elsevier}},
  journal = {Acta. Biomater.}
}

@article{chen2008fracture,
  title = {Fracture mechanisms of bone: {{A}} comparative study between antler and bovine femur},
  author = {Chen, PY and Sheppard, FA and Curiel, JM and McKittrick, J},
  year = {2008},
  volume = {1132},
  publisher = {{Cambridge University Press}},
  journal = {MRS Proceedings}
}

@article{chen2009comparison,
  title = {Comparison of the structure and mechanical properties of bovine femur bone and antler of the {{North American}} elk ({{Cervus}} elaphus canadensis)},
  author = {Chen, P-Y and Stokes, AG and McKittrick, J},
  year = {2009},
  volume = {5},
  pages = {693--706},
  publisher = {{Elsevier}},
  journal = {Acta. Biomater.}
}

@article{clegg1990simple,
  title = {A simple way to make tough ceramics},
  author = {Clegg, WJ and Kendall, K and Alford, N McN and Button, TW and Birchall, JD},
  year = {1990},
  volume = {347},
  pages = {455--457},
  publisher = {{Springer}},
  journal = {Nature}
}

@article{Conway1947XCIV.,
  title = {The large deflection of simply supported beams},
  author = {Conway, H.D.},
  year = {1947},
  volume = {38},
  pages = {905--911},
  journal = {The London, Edinburgh and Dublin philosophical magazine and journal of science}
}

@article{cook1964mechanism,
  title = {A mechanism for the control of crack propagation in all-brittle systems},
  author = {{Cook J.} and {Gordon J. E.} and {Evans C. C.} and {Gordon J. E.} and {Marsh D. M.} and {Bowden Frank Philip}},
  year = {1964},
  volume = {282},
  pages = {508--520},
  journal = {Proceedings of the Royal Society of London A}
}

@article{cooper1977optimization,
  title = {Optimization of the three-point bend test for fracture energy measurement},
  author = {Cooper, GA},
  year = {1977},
  volume = {12},
  pages = {277--289},
  publisher = {{Springer}},
  journal = {Journal of Materials Science}
}

@article{cottrell1958theory,
  title = {Theory of brittle fracture in steel and similar metals},
  author = {Cottrell, A Hi},
  year = {1958},
  volume = {212},
  publisher = {{Atomic Energy Research Establishment, Harwell, Berks, Eng.}},
  journal = {Trans. Met. Soc. AIME}
}

@article{currey1976further,
  title = {Further studies on the mechanical properties of mollusc shell material},
  author = {Currey, John D},
  year = {1976},
  volume = {180},
  pages = {445--453},
  publisher = {{Wiley Online Library}},
  journal = {Journal of Zoology}
}

@article{currey1977mechanical,
  title = {Mechanical properties of mother of pearl in tension},
  author = {Currey, John D},
  year = {1977},
  volume = {196},
  pages = {443--463},
  publisher = {{The Royal Society}},
  journal = {Proceedings of the Royal Society B: Biological Sciences}
}

@article{currey2003well,
  title = {How well are bones designed to resist fracture?},
  author = {Currey, John D},
  year = {2003},
  volume = {18},
  pages = {591--598},
  publisher = {{Wiley Online Library}},
  journal = {Journal of Bone and Mineral Research}
}

@article{currey2009mechanical,
  title = {The mechanical properties of red deer antler bone when used in fighting},
  author = {Currey, John D and {Landete-Castillejos}, Tomas and Estevez, J and Ceacero, Fernando and Olguin, Augusto and Garcia, A and Gallego, Laureano},
  year = {2009},
  volume = {212},
  pages = {3985--3993},
  publisher = {{The Company of Biologists Ltd}},
  journal = {Journal of Experimental Biology}
}

@article{dastjerdi2013weak,
  title = {The weak interfaces within tough natural composites: experiments on three types of nacre},
  author = {Dastjerdi, Ahmad Khayer and Rabiei, Reza and Barthelat, Francois},
  year = {2013},
  volume = {19},
  pages = {50--60},
  publisher = {{Elsevier}},
  journal = {Journal of the Mechanical Behavior of Biomedical Materials}
}

@article{davidge1968effective,
  title = {The effective surface energy of brittle materials},
  author = {Davidge, RW and Tappin, G},
  year = {1968},
  volume = {3},
  pages = {165--173},
  publisher = {{Springer}},
  journal = {Journal of Materials Science}
}

@article{deepseahist,
  title = {A brief history of deep sea exploration},
  author = {Vo, Peter},
  year = {2016}
}

@article{deng2019depth,
  title = {Depth-dependent hysteresis in adhesive elastic contacts at large surface roughness},
  author = {Deng, Weilin and Kesari, Haneesh},
  year = {2019},
  volume = {9},
  pages = {1--12},
  publisher = {{Nature Publishing Group}},
  journal = {Scientific Reports}
}

@article{deng2020angle,
  title={Angle-independent optimal adhesion in plane peeling of thin elastic films at large surface roughnesses},
  author={Deng, Weilin and Kesari, Haneesh},
  journal={Journal of the Mechanics and Physics of Solids},
  volume={148},
  pages={104270},
  year={2021},
  publisher={Elsevier}
}

@article{dohrmann2008phylogeny,
  title = {Phylogeny and evolution of glass sponges ({{Porifera}}, {{Hexactinellida}})},
  author = {Dohrmann, Martin and Janussen, Dorte and Reitner, Joachim and Collins, Allen G and W{\"o}rheide, Gert},
  year = {2008},
  volume = {57},
  pages = {388--405},
  publisher = {{Taylor \& Francis}},
  journal = {Systems Biology}
}

@article{dundurs1969,
  title = {Edge-bonded dissimilar orthogonal elastic wedges},
  author = {Dundurs, J},
  year = {1969},
  volume = {36},
  pages = {650--652},
  publisher = {{American Society of Mechanical Engineers}},
  journal = {Journal of Applied Mechanics}
}

@incollection{dym1973solid,
  title = {Solid mechanics},
  author = {Dym, Clive L and Shames, Irving Herman},
  year = {1973},
  pages = {516--521},
  publisher = {{Springer}},
  chapter = {The Elastica}
}

@article{ehrlich2006modern,
  title = {A modern approach to demineralization of spicules in glass sponges ({{Porifera}}: {{Hexactinellida}}) for the purpose of extraction and examination of the protein matrix},
  author = {Ehrlich, H and Ereskovskii, AV and Drozdov, AL and Krylova, DD and Hanke, T and Meissner, H and Heinemann, S and Worch, H},
  year = {2006},
  volume = {32},
  pages = {186--193},
  publisher = {{Springer}},
  journal = {Russian Journal of Marine Biology}
}

@article{ehrlich2007first,
  title = {First evidence of the presence of chitin in skeletons of marine sponges. {{Part II}}. {{Glass}} sponges ({{Hexactinellida}}: {{Porifera}})},
  author = {Ehrlich, Hermann and Krautter, Manfred and Hanke, Thomas and Simon, Paul and Knieb, Christiane and Heinemann, Sascha and Worch, Hartmut},
  year = {2007},
  volume = {308},
  pages = {473--483},
  publisher = {{Wiley Online Library}},
  journal = {J. Exp. Zool. B.}
}

@article{ehrlich2007sponges,
  title = {Sponges as natural composites: from biomimetic potential to development of new biomaterials},
  author = {Ehrlich, Hermann and Worch, Hartmut},
  year = {2007},
  pages = {217--223},
  publisher = {{Museu Nacional, Rio de Janeiro, Brasil}},
  journal = {Porifera Res. Biodivers. Innov. Sustain.}
}

@article{ehrlich2008nanostructural,
  title = {Nanostructural organization of naturally occurring composites\textemdash{{Part I}}: silica-collagen-based biocomposites},
  author = {Ehrlich, Hermann and Heinemann, Sascha and Heinemann, Christiane and Simon, Paul and Bazhenov, Vasily V and Shapkin, Nikolay P and Born, Ren{\'e} and Tabachnick, Konstantin R and Hanke, Thomas and Worch, Hartmut},
  year = {2008},
  volume = {2008},
  pages = {623838},
  publisher = {{Hindawi Publishing Corp.}},
  journal = {Journal of Nanomaterials}
}

@article{ehrlich2010chitin,
  title = {Chitin and collagen as universal and alternative templates in biomineralization},
  author = {Ehrlich, Hermann},
  year = {2010},
  volume = {52},
  pages = {661--699},
  publisher = {{Taylor \& Francis}},
  journal = {International Geology Review}
}

@article{ehrlich2010mineralization,
  title = {Mineralization of the metre-long biosilica structures of glass sponges is templated on hydroxylated collagen},
  author = {Ehrlich, Hermann and Deutzmann, Rainer and Brunner, Eike and Cappellini, Enrico and Koon, Hannah and Solazzo, Caroline and Yang, Yue and Ashford, David and {Thomas-Oates}, Jane and Lubeck, Markus and Baessmann, Carsten and Langrock, Tobias and Hoffmann, Ralf and W{\"o}rheide, Gert and Reitner, Joachim and Simon, Paul and Tsurkan, Mikhail and Ereskovsky, Aleksander V and Kurek, Denis and Bazhenov, Vasily V and Hunoldt, Sebastian and Mertig, Michael and Vyalikh, Denis V and Molodtsov, Serguei L and Kummer, Kurt and Worch, Hartmut and Smetacek, Victor and Collins, Matthew J},
  year = {2010},
  volume = {2},
  pages = {1084--1088},
  publisher = {{Nature}},
  journal = {Nature Chemistry}
}

@article{ehrlich2016supercontinuum,
  title = {Supercontinuum generation in naturally occurring glass sponges spicules},
  author = {Ehrlich, Hermann and Maldonado, Manuel and Parker, Andrew R and Kulchin, Yuri N and Schilling, J{\"o}rg and K{\"o}hler, Benjamin and Skrzypczak, Ulrich and Simon, Paul and Reiswig, Henry M and Tsurkan, Mikhail V and Brunner, Eike and Voznesenskiy, Sergey S and Bezverbny, Alexander V and Golik, Sergey S and Nagorny, Ivan G and Vyalikh, Denis V and Makarova, Anna A and Molodtsov, Serguei L and Kummer, Kurt and Mertig, Michael and Erler, Christiane and Kurek, Denis V and Bazhenov, Vasilii V and Natalio, Filipe and Kovalev, Alexander E and Gorb, Stanislav N and Stelling, Allison L and Heitmann, Johannes and Born, Ren{\'e} and Meyer, Dirk C and Tabachnick, Konstantin R},
  year = {2016},
  volume = {4},
  pages = {1608--1613},
  publisher = {{Wiley Online Library}},
  journal = {Advanced Optical Materials}
}

@article{elices1992measurement,
  title = {Measurement of the fracture energy using three-point bend tests: {{Part}} 3\textemdash{{Influence}} of cutting the {{P}}-{{$\delta$}} tail},
  author = {Elices, M and Guinea, GV and Planas, J},
  year = {1992},
  volume = {25},
  pages = {327--334},
  publisher = {{Springer}},
  journal = {Materials and Structures}
}

@article{ennos2000mechanics,
  title = {The mechanics of root anchorage},
  author = {Ennos, AR},
  year = {2000},
  volume = {33},
  pages = {133--157},
  publisher = {{Elsevier}},
  journal = {Plant Responses to Drought and Salinity Stress: Developments in A Post-genomic Era}
}

@book{euler1952methodus,
  title = {Methodus inveniendi lineas curvas maximi minimive proprietate gaudentes sive solutio problematis isoperimetrici latissimo sensu accepti},
  author = {Euler, Leonhard},
  year = {1952},
  volume = {1},
  publisher = {{Springer Science \& Business Media}}
}

@article{evans1990perspective,
  title = {Perspective on the development of high-toughness ceramics},
  author = {Evans, Anthony G},
  year = {1990},
  volume = {73},
  pages = {187--206},
  publisher = {{Wiley Online Library}},
  journal = {Journal of the American Ceramic Society}
}

@article{fratzl2007biomimetic,
  title = {Biomimetic materials research: what can we really learn from nature's structural materials?},
  author = {Fratzl, Peter},
  year = {2007},
  volume = {4},
  pages = {637--642},
  publisher = {{The Royal Society}},
  journal = {Journal of the Royal Society, Interface}
}

@article{gao2003materials,
  title = {Materials become insensitive to flaws at nanoscale: lessons from nature},
  author = {Gao, Huajian and Ji, Baohua and J{\"a}ger, Ingomar L and Arzt, Eduard and Fratzl, Peter},
  year = {2003},
  volume = {100},
  pages = {5597--5600},
  publisher = {{National Acad Sciences}},
  journal = {Proceedings of the National Academy of Sciences}
}

@article{gao2017mass,
  title = {Mass production of bulk artificial nacre with excellent mechanical properties},
  author = {Gao, HuaiLing and Chen, SiMing and Mao, LiBo and Song, ZhaoQiang and Yao, HongBin and C{\"o}lfen, Helmut and Luo, XiSheng and Zhang, Fu and Pan, Zhao and Meng, YuFeng and others},
  year = {2017},
  volume = {8},
  pages = {287},
  publisher = {{Nature Publishing Group}},
  journal = {Nature Communications}
}

@book{gere1997Mechanics,
  title = {Mechanics of materials},
  author = {Gere, James M. and Timoshenko, Stephen},
  year = {1997},
  publisher = {{PWS Pub Co}},
  address = {{Boston}},
  lccn = {TA405 .G44 1997}
}

@book{Gere2004Mechanics,
  title = {Mechanics of materials},
  author = {Gere, James M.},
  year = {2004},
  edition = {6th ed},
  publisher = {{Brooks/Cole-Thomas Learning}},
  address = {{Belmont, CA}},
  lccn = {TA405 .G44 2004}
}

@article{gibson2005biomechanics,
  title = {Biomechanics of cellular solids},
  author = {Gibson, Lorna J},
  year = {2005},
  volume = {38},
  pages = {377--399},
  publisher = {{Elsevier}},
  journal = {Journal of Biomechanics}
}

@article{gu1995tensile,
  title = {Tensile behavior of microcracking {{SiC}}-{{TiB2}} composites},
  author = {Gu, W-H and Faber, KT},
  year = {1995},
  volume = {78},
  pages = {1507--1512},
  publisher = {{Wiley Online Library}},
  journal = {J. Amer. ceram. Soc.}
}

@article{guinea1992measurement,
  title = {Measurement of the fracture energy using three-point bend tests: {{Part}} 1\textemdash{{Influence}} of experimental procedures},
  author = {Guinea, GV and Planas, J and Elices, M},
  year = {1992},
  volume = {25},
  pages = {212--218},
  publisher = {{Springer}},
  journal = {Materials and Structures}
}

@article{hertzberg1997deformation,
  title = {Deformation and fracture mechanics of engineering materials},
  author = {Hertzberg, Richard W},
  year = {1997},
  volume = {19},
  pages = {227--232},
  publisher = {{MATERIALS EDUCATION COUNCIL}},
  journal = {Journal of Materials Education}
}

@article{hillerborg1985theoretical,
  title = {The theoretical basis of a method to determine the fracture energy {{GF}} of concrete},
  author = {Hillerborg, Arne},
  year = {1985},
  volume = {18},
  pages = {291--296},
  publisher = {{Springer}},
  journal = {Materials and Structures}
}

@book{hjelmstad2007fundamentals,
  title = {Fundamentals of structural mechanics},
  author = {Hjelmstad, Keith D},
  year = {2007},
  publisher = {{Springer Science \& Business Media}}
}

@incollection{hooper2002systema,
  title = {Systema {{Porifera}}. {{A}} guide to the classification of sponges},
  booktitle = {Systema porifera},
  author = {Hooper, John NA and Van Soest, Rob WM},
  year = {2002},
  pages = {1--7},
  publisher = {{Springer}}
}

@article{irwin1957analysis,
  title = {Analysis of stresses and strains near the end of a crack traversing a plate},
  author = {Irwin, George R},
  year = {1957},
  journal = {Journal of Applied Mechanics}
}

@article{jackson1988mechanical,
  title={The mechanical design of nacre},
  author={Jackson, AP and Vincent, Julian FV and Turner, RM},
  journal={Proceedings of the Royal Society of London. Series B. Biological Sciences},
  volume={234},
  number={1277},
  pages={415--440},
  year={1988},
  publisher={The Royal Society London}
}

@article{kamat2000structural,
  title = {Structural basis for the fracture toughness of the shell of the conch {{{\emph{Strombus gigas}}}}},
  author = {Kamat, S and Su, X and Ballarini, R and Heuer, AH},
  year = {2000},
  volume = {405},
  pages = {1036},
  publisher = {{Nature Publishing Group}},
  journal = {Nature}
}


@article{kesari2011effective,
  title = {Effective macroscopic adhesive contact behavior induced by small surface roughness},
  author = {Kesari, Haneesh and Lew, Adrian J},
  year = {2011},
  volume = {12},
  pages = {2488--2510},
  journal = {Journal of the Mechanics and Physics of Solids}
}

@article{kessler1996biomimetic,
  title = {A biomimetic example of brittle toughening:({{I}}) steady state multiple cracking},
  author = {Kessler, Hannes and Ballarini, Roberto and Mullen, Robert L and Kuhn, Liisa T and Heuer, Arthur H},
  year = {1996},
  volume = {5},
  pages = {157--166},
  publisher = {{Elsevier}},
  journal = {Computational Materials Science}
}

@article{kolednik2011bioinspired,
  title = {Bioinspired design criteria for damage-resistant materials with periodically varying microstructure},
  author = {Kolednik, Otmar and Predan, Jozef and Fischer, Franz Dieter and Fratzl, Peter},
  year = {2011},
  volume = {21},
  pages = {3634--3641},
  publisher = {{Wiley Online Library}},
  journal = {Advanced Functional Materials}
}

@article{krstic2009fracture,
  title = {Fracture toughness of concentric {{Si}} 3 {{N}} 4-based laminated structures},
  author = {Krstic, Zoran and Krstic, Vladimir D},
  year = {2009},
  volume = {29},
  pages = {1825--1829},
  publisher = {{Elsevier}},
  journal = {J. Euro. ceram. Soc.}
}

@article{kuhn1996fracture,
  title = {Fracture mechanisms of the {{{\emph{Strombus gigas}}}} conch shell: implications for the design of brittle laminates},
  author = {{Kuhn-Spearing}, LT and Kessler, H and Chateau, E and Ballarini, R and Heuer, AH and Spearing, SM},
  year = {1996},
  volume = {31},
  pages = {6583--6594},
  publisher = {{Springer}},
  journal = {Journal of Materials Science}
}

@incollection{Kulchin2009,
  title = {Optical and nonlinear optical properties of sea glass sponge spicules},
  booktitle = {Biosilica in evolution, morphogenesis, and nanobiotechnology: {{Case}} study lake baikal},
  author = {Kulchin, Yu. N. and Bezverbny, A. V. and Bukin, O. A. and Voznesensky, S. S. and Galkina, A. N. and Drozdov, A. L. and Nagorny, I. G.},
  year = {2009},
  pages = {315--340},
  publisher = {{Springer Berlin Heidelberg}},
  address = {{Berlin, Heidelberg}}
}

@article{laffan2010measurement,
  title = {Measurement of the {{{\emph{In situ}}}} ply fracture toughness associated with mode {{I}} fibre tensile failure in {{FRP}}. {{Part I}}: {{Data}} reduction},
  author = {Laffan, MJ and Pinho, ST and Robinson, P and Iannucci, L},
  year = {2010},
  volume = {70},
  pages = {606--613},
  publisher = {{Elsevier}},
  journal = {Composites Science and Technology}
}

@book{lakes1998viscoelastic,
  title = {Viscoelastic solids},
  author = {Lakes, Roderic S},
  year = {1998},
  volume = {9},
  publisher = {{CRC press}}
}

@article{laraia1989electron,
  title = {An electron microscopy study of the microstructure and microarchitecture of the {{{\emph{Strombus gigas}}}} shell},
  author = {Laraia, VJ and Aindow, M and Heuer, AH},
  year = {1989},
  volume = {174},
  publisher = {{Cambridge University Press}},
  journal = {MRS Online Proc. Libr. Arch.}
}

@book{larsen2018introduction,
  title = {An introduction to mathematical statistics and its applications},
  author = {Larsen, Richard J and Marx, Morris L},
  year = {2018},
  volume = {6},
  publisher = {{Pearson}},
  chapter = {9.4}
}

@article{launey2010mechanistic,
  title = {On the mechanistic origins of toughness in bone},
  author = {Launey, Maximilien E and Buehler, Markus J and Ritchie, Robert O},
  year = {2010},
  volume = {40},
  pages = {25--53},
  publisher = {{Annual Reviews}},
  journal = {Annual Review of Materials Research}
}

@book{lawn1993fracture,
  title = {Fracture of brittle solids},
  author = {Lawn, Brian},
  year = {1993},
  publisher = {{Cambridge university press}}
}

@article{lawn2009analysis,
  title = {Analysis of fracture and deformation modes in teeth subjected to occlusal loading},
  author = {Lawn, Brian R and Lee, James JW},
  year = {2009},
  volume = {5},
  pages = {2213--2221},
  publisher = {{Elsevier}},
  journal = {Acta. Biomater.}
}

@article{lee2009fracture,
  title = {Fracture modes in human teeth},
  author = {Lee, JJ- W and Kwon, J-Y and Chai, H and Lucas, PW and Thompson, VP and Lawn, BR},
  year = {2009},
  volume = {88},
  pages = {224--228},
  publisher = {{SAGE Publications}},
  journal = {J. dent. res.}
}

@article{levi1989remarkably,
  title = {A remarkably strong natural glassy rod: the anchoring spicule of the {{{\emph{Monorhaphis}}}}  sponge},
  author = {Levi, C and Barton, JL and Guillemet, C and Le Bras, E and Lehuede, P},
  year = {1989},
  volume = {8},
  pages = {337--339},
  publisher = {{Springer}},
  journal = {Journal of Materials Science Letters}
}

@article{leys2007biology,
  title = {The biology of glass sponges},
  author = {Leys, Sally P and Mackie, George O and Reiswig, Henry M},
  year = {2007},
  volume = {52},
  pages = {1--145},
  publisher = {{Elsevier}},
  journal = {Restocking and Stock Enhancement of Marine Invertebrate Fisheries}
}

@article{li2004nanoscale,
  title = {Nanoscale structural and mechanical characterization of a natural nanocomposite material: the shell of red abalone},
  author = {Li, Xiaodong and Chang, Wei-Che and Chao, Yuh J and Wang, Rizhi and Chang, Ming},
  year = {2004},
  volume = {4},
  pages = {613--617},
  publisher = {{ACS Publications}},
  journal = {Nano Letters}
}

@article{li2013generalized,
  title = {A generalized mechanical model for suture interfaces of arbitrary geometry},
  author = {Li, Yaning and Ortiz, Christine and Boyce, Mary C},
  year = {2013},
  volume = {61},
  pages = {1144--1167},
  publisher = {{Elsevier}},
  journal = {J. Mech. Phys. Solids.}
}

@article{lin2006mechanical,
  title = {Mechanical properties and structure of {{{\emph{Strombus gigas}}}}, {{{\emph{Tridacna gigas}}}}, and {{{\emph{Haliotis rufescens}}}} sea shells: a comparative study},
  author = {Lin, Albert Yu Min and Meyers, Marc Andr{\'e} and Vecchio, Kenneth S},
  year = {2006},
  volume = {26},
  pages = {1380--1389},
  publisher = {{Elsevier}},
  journal = {Materials Science and Engineering: C}
}

@article{lin20143d,
  title = {{{3D}} printed, bio-inspired prototypes and analytical models for structured suture interfaces with geometrically-tuned deformation and failure behavior},
  author = {Lin, Erica and Li, Yaning and Ortiz, Christine and Boyce, Mary C},
  year = {2014},
  volume = {73},
  pages = {166--182},
  publisher = {{Elsevier}},
  journal = {J. Mech. Phys. Solids.}
}

@book{love2013treatise,
  title = {A treatise on the mathematical theory of elasticity},
  author = {Love, Augustus Edward Hough},
  year = {2013},
  publisher = {{Cambridge university press}}
}

@article{masiur2019accelerometer,
  title = {An accelerometer-only algorithm for determining the acceleration field of a rigid body, with application in studying the mechanics of mild traumatic brain injury},
  author = {Rahaman, Mohammad Masiur and Fang, Wenqiang and Fawzi, Alice Lux and Wan, Yang and Kesari, Haneesh},
  year = {2020},
  pages = {104014},
  journal = {Journal of the Mechanics and Physics of Solids}
}

@article{mayer2011new,
  title = {New toughening concepts for ceramic composites from rigid natural materials},
  author = {Mayer, George},
  year = {2011},
  volume = {4},
  pages = {670--681},
  publisher = {{Elsevier}},
  journal = {Journal of the Mechanical Behavior of Biomedical Materials}
}

@article{meyers2008mechanical,
  title = {Mechanical strength of abalone nacre: role of the soft organic layer},
  author = {Meyers, Marc Andr{\'e} and Lin, Albert Yu-Min and Chen, Po-Yu and Muyco, Julie},
  year = {2008},
  volume = {1},
  pages = {76--85},
  publisher = {{Elsevier}},
  journal = {Journal of the Mechanical Behavior of Biomedical Materials}
}

@article{meyers2013structural,
  title = {Structural biological materials: critical mechanics-materials connections},
  author = {Meyers, Marc Andr{\'e} and McKittrick, Joanna and Chen, Po-Yu},
  year = {2013},
  volume = {339},
  pages = {773--779},
  publisher = {{American Association for the Advancement of Science}},
  journal = {Science}
}

@phdthesis{mickovski2002anchorage,
  title = {Anchorage mechanics of different types of root systems},
  author = {Mickovski, Slobodan B},
  year = {2002},
  school = {University of Manchester}
}

@article{migliazza2011experimental,
  title = {Experimental investigation on crack propagation in {{Carrara}} marble subjected to cyclic loading},
  author = {Migliazza, Maria and Ferrero, Anna Maria and Spagnoli, Andrea and others},
  year = {2011},
  volume = {48},
  pages = {1038--1044},
  journal = {International Journal of Rock Mechanics and Mining Sciences}
}

@book{miracle2001asm,
  title = {{{ASM}} handbook volume 21: {{Composites}}},
  author = {{Miracle/Donaldson}},
  year = {2001},
  publisher = {{ASM International}}
}

@article{miserez2008effects,
  title = {Effects of laminate architecture on fracture resistance of sponge biosilica: lessons from nature},
  author = {Miserez, Ali and Weaver, James C and Thurner, Philipp J and Aizenberg, Joanna and Dauphin, Yannicke and Fratzl, Peter and Morse, Daniel E and Zok, Frank W},
  year = {2008},
  volume = {18},
  pages = {1241--1248},
  publisher = {{Wiley Online Library}},
  journal = {Advanced Functional Materials}
}

@article{monn2015new,
  title = {New functional insights into the internal architecture of the laminated anchor spicules of {{{\emph{Euplectella aspergillum}}}}},
  author = {Monn, Michael A and Weaver, James C and Zhang, Tianyang and Aizenberg, Joanna and Kesari, Haneesh},
  year = {2015},
  volume = {112},
  pages = {4976--4981},
  publisher = {{National Acad Sciences}},
  journal = {Proceedings of the National Academy of Sciences}
}

@article{monn2017enhanced,
  title = {Enhanced bending failure strain in biological glass fibers due to internal lamellar architecture},
  author = {Monn, Michael A and Kesari, Haneesh},
  year = {2017},
  pages = {69--75},
  publisher = {{Elsevier}},
  journal = {Journal of the Mechanical Behavior of Biomedical Materials}
}

@article{monn2017JOVE,
  title = {A millimeter scale flexural testing system for measuring the mechanical properties of marine sponge spicules},
  author = {Monn, Michael A. and Ferreira, Jarod and Yang, Jianzhe and Kesari, Haneesh},
  year = {2017},
  pages = {e56571},
  journal = {J. of Visualized Experiments}
}

@article{monn2020lamellar,
  title = {Lamellar architectures in stiff biomaterials may not always be templates for enhancing toughness in composites},
  author = {Monn, Michael A. and Vijaykumar, Kaushik and Kochiyama, Sayaka and Kesari, Haneesh},
  year = {2020},
  volume = {11},
  pages = {373},
  journal = {Nature Communications}
}

@article{muller2008bioorganic,
  title = {Bioorganic/inorganic hybrid composition of sponge spicules: matrix of the giant spicules and of the comitalia of the deep sea hexactinellid {{Monorhaphis}}},
  author = {M{\"u}ller, Werner EG and Wang, Xiaohong and Kropf, Klaus and Ushijima, Hiroshi and Geurtsen, Werner and Eckert, Carsten and Tahir, Muhammad Nawaz and Tremel, Wolfgang and Boreiko, Alexandra and Schlo\ss macher, Ute and others},
  year = {2008},
  volume = {161},
  pages = {188--203},
  publisher = {{Elsevier}},
  journal = {Journal of Structural Biology}
}

@article{munch2008tough,
  title = {Tough, bio-inspired hybrid materials},
  author = {Munch, Etienne and Launey, Maximimilan E and Alsem, Daan H and Saiz, Eduardo and Tomsia, Antoni P and Ritchie, Robert O},
  year = {2008},
  volume = {322},
  pages = {1516--1520},
  publisher = {{American Association for the Advancement of Science}},
  journal = {Science}
}

@article{nalla2005mechanistic,
  title = {Mechanistic aspects of fracture and {{R}}-curve behavior in human cortical bone},
  author = {Nalla, R Kruzic and Kruzic, Jamie J and Kinney, John H and Ritchie, Robert O},
  year = {2005},
  volume = {26},
  pages = {217--231},
  publisher = {{Elsevier}},
  journal = {Biomater.}
}

@article{nickel2006functional,
  title = {Functional morphology of {{Tethya}} species ({{Porifera}}): 1. {{Quantitative 3D}}-analysis of {{Tethya}} wilhelma by synchrotron radiation based {{X}}-ray microtomography},
  author = {Nickel, Michael and Donath, Tilman and Schweikert, Michael and Beckmann, Felix},
  year = {2006},
  volume = {125},
  pages = {209--223},
  publisher = {{Springer}},
  journal = {Zoomorphology}
}

@article{nishino1992mechanical,
  title = {Mechanical hysteresis due to microplasticity in alumina with microcracks},
  author = {Nishino, Y and Ogawa, H and Asano, S},
  year = {1992},
  volume = {66},
  pages = {313--316},
  publisher = {{Taylor \& Francis}},
  journal = {Philosophical Magazine Letters}
}

@article{NIST,
  title = {Fracture toughness / fracture energy data for ceramics: {{NIST}} standard reference database 138},
  author = {{of Standards}, National Institute and {Technology}},
  year = {2017}
}

@article{nyman2006influence,
  title = {The influence of water removal on the strength and toughness of cortical bone},
  author = {Nyman, Jeffry S and Roy, Anuradha and Shen, Xinmei and Acuna, Rae L and Tyler, Jerrod H and Wang, Xiaodu},
  year = {2006},
  volume = {39},
  pages = {931--938},
  publisher = {{Elsevier}},
  journal = {Journal of Biomechanics}
}

@article{osuna2014shell,
  title = {The shell organic matrix of the crossed lamellar queen conch shell ({{{\emph{Strombus gigas}}}})},
  author = {{Osuna-Mascar{\'o}}, Antonio and {Cruz-Bustos}, Teresa and Benhamada, Sana and Guichard, Nathalie and Marie, Benjamin and Plasseraud, Laurent and Corneillat, Marion and Alcaraz, G{\'e}rard and Checa, Antonio and Marin, Fr{\'e}d{\'e}ric},
  year = {2014},
  volume = {168},
  pages = {76--85},
  publisher = {{Elsevier}},
  journal = {Comparative Biochemistry and Physiology. Part B, Biochemistry and Molecular Biology}
}

@article{ouchterlony1981extension,
  title = {Extension of the compliance and stress intensity formulas for the single edge crack round bar in bending},
  author = {Ouchterlony, F.},
  year = {1981},
  pages = {237--256},
  journal = {Fract. Mech. Ceram. Rocks Concr.}
}

@article{padture2002thermal,
  title = {Thermal barrier coatings for gas-turbine engine applications},
  author = {Padture, Nitin P and Gell, Maurice and Jordan, Eric H},
  year = {2002},
  volume = {296},
  pages = {280--284},
  publisher = {{American Association for the Advancement of Science}},
  journal = {Science}
}

@article{planas1992measurement,
  title = {Measurement of the fracture energy using three-point bend tests: {{Part}} 2\textemdash{{Influence}} of bulk energy dissipation},
  author = {Planas, J and Elices, M and Guinea, GV},
  year = {1992},
  volume = {25},
  pages = {305--312},
  publisher = {{Springer}},
  journal = {Materials and Structures}
}

@article{pozdnyakova2009stress,
  title = {Stress-dependent elastic properties of porous microcracked ceramics},
  author = {Pozdnyakova, Irina and Bruno, Giovanni and Efremov, Alexander M and Clausen, Bj\o rn and Hughes, Darren},
  year = {2009},
  volume = {11},
  pages = {1023--1029},
  publisher = {{Wiley Online Library}},
  journal = {Advanced Engineering Materials}
}

@article{puttick1959ductile,
  title = {Ductile fracture in metals},
  author = {Puttick, KE},
  year = {1959},
  volume = {4},
  pages = {964--969},
  publisher = {{Taylor \& Francis}},
  journal = {Philosophical Magazine}
}

@article{rabiei2010failure,
  title = {Failure mode transition in nacre and bone-like materials},
  author = {Rabiei, Reza and Bekah, Sacheen and Barthelat, Francois},
  year = {2010},
  volume = {6},
  pages = {4081--4089},
  publisher = {{Elsevier}},
  journal = {Acta. Biomater.}
}

@article{rabiei2012nacre,
  title = {Nacre from mollusk shells: inspiration for high-performance nanocomposites},
  author = {Rabiei, Reza and Bekah, Sacheen and Barthelat, Francois},
  year = {2012},
  volume = {2},
  pages = {113--149},
  journal={Natural Polymers},
  publisher={Royal Society of Chemistry}
}

@inproceedings{ramez1964petrofabric,
  title = {A petrofabric analysis of {{Carrara}} marble},
  booktitle = {International journal of rock mechanics and mining sciences \& geomechanics abstracts},
  author = {Ramez, Mohammed Ramez Hussein and Murrell, Stanley Arthur Frank},
  year = {1964},
  volume = {1},
  pages = {217--229},
  organization = {{Elsevier}}
}

@article{ritchie2008measurement,
  title = {Measurement of the toughness of bone: a tutorial with special reference to small animal studies},
  author = {Ritchie, RO and Koester, KJ and Ionova, S and Yao, W and Lane, NE and Ager, JW},
  year = {2008},
  volume = {43},
  pages = {798--812},
  publisher = {{Elsevier}},
  journal = {Bone}
}

@article{ritchie2011conflicts,
  title = {The conflicts between strength and toughness},
  author = {Ritchie, Robert O.},
  year = {2011},
  volume = {10},
  pages = {817--822},
  publisher = {{Nature Publishing Group}},
  copyright = {2011 Nature Publishing Group},
  journal = {Nature Materials}
}

@article{rutter1972influence,
  title = {The influence of interstitial water on the rheological behaviour of calcite rocks},
  author = {Rutter, Ernest H},
  year = {1972},
  volume = {14},
  pages = {13--33},
  publisher = {{Elsevier}},
  journal = {Tectonophysics}
}

@article{sakai1993fracture,
  title = {Fracture toughness testing of brittle materials},
  author = {Sakai, M and Bradt, RC},
  year = {1993},
  volume = {38},
  pages = {53--78},
  publisher = {{Taylor \& Francis}},
  journal = {International Materials Reviews}
}

@article{samuel2016effect,
  title = {Effect of water on nanomechanics of bone is different between tension and compression},
  author = {Samuel, Jitin and Park, Jun-Sang and Almer, Jonathan and Wang, Xiaodu},
  year = {2016},
  volume = {57},
  pages = {128--138},
  publisher = {{Elsevier}},
  journal = {Journal of the Mechanical Behavior of Biomedical Materials}
}

@article{sarikaya2001biomimetic,
  title = {Biomimetic model of a sponge-spicular optical fiber\textemdash mechanical properties and structure},
  author = {Sarikaya, M and Fong, H and Sunderland, N and Flinn, BD and Mayer, G and Mescher, A and Gaino, E},
  year = {2001},
  volume = {16},
  pages = {1420--1428},
  publisher = {{Cambridge University Press}},
  journal = {Journal of Materials Research}
}

@article{schultze1867xxvi,
  title = {{{XXVI}}. {{On}} hyalonema},
  author = {Schultze, Max},
  year = {1867},
  volume = {19},
  pages = {153--160},
  publisher = {{Taylor \& Francis}},
  journal = {Journal of Natural History}
}

@article{sethmann2008structure,
  title = {Structure and composition of calcareous sponge spicules: a review and comparison to structurally related biominerals},
  author = {Sethmann, Ingo and W{\"o}rheide, Gert},
  year = {2008},
  volume = {39},
  pages = {209--228},
  publisher = {{Elsevier}},
  journal = {Micron}
}

@article{shea2018stiffness,
  title = {Stiffness-independent toughening of beams through coaxial interfaces},
  author = {Mueller, Jochen and Raney, Jordan R. and Kochmann, Dennis M. and Shea, Kristina},
  year = {2018},
  volume = {5},
  pages = {1800728},
  journal = {Advanced Science}
}

@book{simpson2012cell,
  title = {The cell biology of sponges},
  author = {Simpson, Tracy L},
  year = {2012},
  publisher = {{Springer Science \& Business Media}}
}

@article{smith1999molecular,
  title = {Molecular mechanistic origin of the toughness of natural adhesives, fibres and composites},
  author = {Smith, Bettye L and Schaffer, Tilman E and Viani, Mario and Thompson, James B and Frederick, Neil A and Kindt, Johannes and Belcher, Angela and Stucky, Galen D and Morse, Daniel E and Hansma, Paul K},
  year = {1999},
  volume = {399},
  pages = {761},
  publisher = {{Nature Publishing Group}},
  journal = {Nature}
}

@book{somiya2013handbook,
  title = {Handbook of advanced ceramics: materials, applications, processing, and properties},
  author = {Somiya, Shigeyuki},
  year = {2013},
  publisher = {{Academic press}}
}

@article{song2002microstructure,
  title = {Microstructure and characteristics in the organic matrix layers of nacre},
  author = {Song, F and Zhang, XH and Bai, YL},
  year = {2002},
  volume = {17},
  pages = {1567--1570},
  publisher = {{Cambridge University Press}},
  journal = {Journal of Materials Research}
}

@article{song2003effects,
  title = {Effects of nanostructures on the fracture strength of the interfaces in nacre},
  author = {Song, F and Bai, YL},
  year = {2003},
  volume = {18},
  pages = {1741--1744},
  publisher = {{Cambridge University Press}},
  journal = {Journal of Materials Research}
}

@article{spagnoli2016experimental,
  title = {An experimental investigation on the quasi-brittle fracture of marble rocks},
  author = {Spagnoli, Andrea and Carpinteri, Andrea and Ferretti, Daniele and Vantadori, Sabrina},
  year = {2016},
  volume = {39},
  pages = {956--968},
  publisher = {{Wiley Online Library}},
  journal = {Fatigue and Fracture of Engineering Materials and Structures}
}

@article{stroh1957theory,
  title = {A theory of the fracture of metals},
  author = {Stroh, Ao N},
  year = {1957},
  volume = {6},
  pages = {418--465},
  publisher = {{Taylor \& Francis}},
  journal = {Advances in Physics}
}

@article{tang2007elasto,
  title = {An elasto-viscoplastic interface model for investigating the constitutive behavior of nacre},
  author = {Tang, H and Barthelat, F and Espinosa, HD},
  year = {2007},
  volume = {55},
  pages = {1410--1438},
  publisher = {{Elsevier}},
  journal = {J. Mech. Phys. Solids.}
}

@article{tattersall1966work,
  title = {The work of fracture and its measurement in metals, ceramics and other materials},
  author = {Tattersall, Ho G and Tappin, G},
  year = {1966},
  volume = {1},
  pages = {296--301},
  publisher = {{Springer}},
  journal = {Journal of Materials Science}
}

@book{Timoshenko2009Theory,
  title = {Theory of elastic stability},
  author = {Timoshenko, Stephen and Gere, James M},
  year = {2009},
  publisher = {{Dover Publications}},
  address = {{Mineola}}
}

@article{uriz2003siliceous,
  title = {Siliceous spicules and skeleton frameworks in sponges: origin, diversity, ultrastructural patterns, and biological functions},
  author = {Uriz, Mar{\'i}a-J and Turon, Xavier and Becerro, Mikel A and Agell, Gemma},
  year = {2003},
  volume = {62},
  pages = {279--299},
  publisher = {{Wiley Online Library}},
  journal = {Microscopy Research and Technique}
}

@article{vacelet1995carnivorous,
  title = {Carnivorous sponges},
  author = {Vacelet, Jean and {Boury-Esnault}, N},
  year = {1995},
  volume = {373},
  pages = {333},
  publisher = {{Nature Publishing Group}},
  journal = {Nature}
}

@article{walter2007effects,
  title = {Effects of loading rate on the mechanical behavior of a natural rigid composite},
  author = {Walter, SL and Flinn, BD and Mayer, G},
  year = {2007},
  volume = {3},
  pages = {377--382},
  publisher = {{Elsevier}},
  journal = {Acta. Biomater.}
}

@article{walter2007mechanisms,
  title = {Mechanisms of toughening of a natural rigid composite},
  author = {Walter, SL and Flinn, BD and Mayer, G},
  year = {2007},
  volume = {27},
  pages = {570--574},
  publisher = {{Elsevier}},
  journal = {Mater. Sci. Eng: C}
}

@article{wang2001deformation,
  title = {Deformation mechanisms in nacre},
  author = {Wang, RZ and Suo, Z and Evans, AG and Yao, N and Aksay, IA},
  year = {2001},
  volume = {16},
  pages = {2485--2493},
  publisher = {{Cambridge University Press}},
  journal = {Journal of Materials Research}
}

@article{wang2011deformation,
  title = {Deformation and fracture mechanisms of bone and nacre},
  author = {Wang, Rizhi and Gupta, Himadri S.},
  year = {2011},
  volume = {41},
  pages = {41--73},
  journal = {Annual Review of Materials Research}
}

@article{weaver2007hierarchical,
  title = {Hierarchical assembly of the siliceous skeletal lattice of the hexactinellid sponge {{{\emph{Euplectella Aspergillum}}}}},
  author = {Weaver, James C and Aizenberg, Joanna and Fantner, Georg E and Kisailus, David and Woesz, Alexander and Allen, Peter and Fields, Kirk and Porter, Michael J and Zok, Frank W and Hansma, Paul K and Fratzl, Peter and Morse, Daniel E},
  year = {2007},
  volume = {158},
  pages = {93--106},
  publisher = {{Elsevier}},
  journal = {Journal of Structural Biology}
}

@article{weaver2010unifying,
  title = {Unifying design strategies in demosponge and hexactinellid skeletal systems},
  author = {Weaver, James C and Milliron, Garrett W and Allen, Peter and Miserez, Ali and Rawal, Aditya and Garay, Javier and Thurner, Philipp J and Seto, Jong and Mayzel, Boaz and Friesen, Larry Jon and Chmelka, Bradley F and Fratzl, Peter and Aizenberg, Joanna and Dauphin, Yannicke and Kisailus, David and Morse, Daniel E},
  year = {2010},
  volume = {86},
  pages = {72--95},
  publisher = {{Taylor \& Francis}},
  journal = {Journal of Adhesion}
}

@article{wegst2004mechanical,
  title = {The mechanical efficiency of natural materials},
  author = {Wegst, UGK and Ashby, MF},
  year = {2004},
  volume = {84},
  pages = {2167--2186},
  publisher = {{Taylor \& Francis}},
  journal = {Philosophical Magazine}
}

@article{wegst2015bioinspired,
  title = {Bioinspired structural materials},
  author = {Wegst, Ulrike GK and Bai, Hao and Saiz, Eduardo and Tomsia, Antoni P and Ritchie, Robert O},
  year = {2015},
  volume = {14},
  pages = {23--36},
  publisher = {{Nature Research}},
  journal = {Nature Materials}
}

@article{weiner1998material,
  title = {The material bone: structure-mechanical function relations},
  author = {Weiner, Steve and Wagner, H Daniel},
  year = {1998},
  volume = {28},
  pages = {271--298},
  publisher = {{Annual Reviews 4139 El Camino Way, PO Box 10139, Palo Alto, CA 94303-0139, USA}},
  journal = {Annual Review of Materials Research}
}

@article{woesz2006micromechanical,
  title = {Micromechanical properties of biological silica in skeletons of deep-sea sponges},
  author = {Woesz, Alexander and Weaver, James C and Kazanci, Murat and Dauphin, Yannicke and Aizenberg, Joanna and Morse, Daniel E and Fratzl, Peter},
  year = {2006},
  volume = {21},
  pages = {2068--2078},
  publisher = {{Cambridge University Press}},
  journal = {Journal of Materials Research}
}

@article{xu2001high,
  title = {High toughness, {{3D}} textile, {{SiC}}/{{SiC}} composites by chemical vapor infiltration},
  author = {Xu, Y and Cheng, L and Zhang, L and Yin, H and Yin, X},
  year = {2001},
  volume = {318},
  pages = {183--188},
  publisher = {{Elsevier}},
  journal = {Mater. Sci. Eng. A}
}

@article{zhu2004development,
  title = {Development of advanced low conductivity thermal barrier coatings},
  author = {Zhu, Dongming and Miller, Robert A},
  year = {2004},
  volume = {1},
  pages = {86--94},
  publisher = {{Wiley Online Library}},
  journal = {International Journal of Applied Ceramic Technology}
}

@article{zlotnikov2013situ,
  title = {{{{\emph{In situ}}}} elastic modulus measurements of ultrathin protein-rich organic layers in biosilica: towards deeper understanding of superior resistance to fracture of biocomposites},
  author = {Zlotnikov, Igor and Shilo, Doron and Dauphin, Yannicke and Blumtritt, Horst and Werner, Peter and Zolotoyabko, Emil and Fratzl, Peter},
  year = {2013},
  volume = {3},
  pages = {5798--5802},
  publisher = {{Royal Society of Chemistry}},
  journal = {RSC Advances}
}

@article{sundar2003fibre,
  title={Fibre-optical features of a glass sponge},
  author={Sundar, Vikram C and Yablon, Andrew D and Grazul, John L and Ilan, Micha and Aizenberg, Joanna},
  journal={Nature},
  volume={424},
  number={6951},
  pages={899--900},
  year={2003},
  publisher={Nature Publishing Group}
}

@article{mayer2005rigid,
  title={Rigid biological systems as models for synthetic composites},
  author={Mayer, George},
  journal={Science},
  volume={310},
  number={5751},
  pages={1144--1147},
  year={2005},
  publisher={American Association for the Advancement of Science}
}

@article{miserez2008effects,
  title={Effects of laminate architecture on fracture resistance of sponge biosilica: Lessons from nature},
  author={Miserez, Ali and Weaver, James C and Thurner, Philipp J and Aizenberg, Joanna and Dauphin, Yannicke and Fratzl, Peter and Morse, Daniel E and Zok, Frank W},
  journal={Advanced Functional Materials},
  volume={18},
  number={8},
  pages={1241--1248},
  year={2008},
  publisher={Wiley Online Library}
}

@article{phillipps1994failure,
  title={The failure of layered ceramics in bending and tension},
  author={Phillipps, AJ and Clegg, WJ and Clyne, TW},
  journal={Composites},
  volume={25},
  number={7},
  pages={524--533},
  year={1994},
  publisher={Elsevier}
}

@article{ashby1985fracture,
  title={The fracture and toughness of woods},
  author={Ashby, Michael Farries and Easterling, Kenneth Edwin and Harrysson, Ralph and Maiti, SK},
  journal={Proceedings of the Royal Society of London. A. Mathematical and Physical Sciences},
  volume={398},
  number={1815},
  pages={261--280},
  year={1985},
  publisher={The Royal Society London}
}

@article{baskaran1993fibrous,
  title={Fibrous monolithic ceramics: II, flexural strength and fracture behavior of the silicon carbide/graphite system},
  author={Baskaran, Suresh and Halloran, John W},
  journal={Journal of the American Ceramic Society},
  volume={76},
  number={9},
  pages={2217--2224},
  year={1993},
  publisher={Wiley Online Library}
}

@article{folsom1992mechanical,
  title={Mechanical Behavior of a Laminar Ceramic/Fiber-Reinforced Epoxy Composite},
  author={Folsom, Craig A and Zok, Frank W and Lange, Fred F and Marshall, David B},
  journal={Journal of the American Ceramic Society},
  volume={75},
  number={11},
  pages={2969--2975},
  year={1992},
  publisher={Wiley Online Library}
}

@article{kesari2010role,
  title={Role of surface roughness in hysteresis during adhesive elastic contact},
  author={Kesari, Haneesh and Doll, Joseph C and Pruitt, Beth L and Cai, Wei and Lew, Adrian J},
  journal={Philosophical Magazine \& Philosophical Magazine Letters},
  volume={90},
  number={12},
  pages={891--902},
  year={2010},
  publisher={Taylor \& Francis}
}

@article{ming1989crack,
  title={Crack deflection at an interface between dissimilar elastic materials},
  author={Ming-Yuan, He and Hutchinson, John W},
  journal={International Journal of Solids and Structures},
  volume={25},
  number={9},
  pages={1053--1067},
  year={1989},
  publisher={Elsevier}
}

@article{sarikaya1994introduction,
  title={An introduction to biomimetics: a structural viewpoint},
  author={Sarikaya, Mehmet},
  journal={Microscopy Research and Technique},
  volume={27},
  number={5},
  pages={360--375},
  year={1994},
  publisher={Wiley Online Library}
}

@article{menig2000quasi,
  title={Quasi-static and dynamic mechanical response of \emph{Haliotis rufescens} (abalone) shells},
  author={Menig, R and Meyers, MH and Meyers, MA and Vecchio, KS},
  journal={Acta Materialia},
  volume={48},
  number={9},
  pages={2383--2398},
  year={2000},
  publisher={Elsevier}
}

@article{koester2008true,
  title={The true toughness of human cortical bone measured with realistically short cracks},
  author={Koester, Kurt J and Ager, JW and Ritchie, RO},
  journal={Nature Materials},
  volume={7},
  number={8},
  pages={672--677},
  year={2008},
  publisher={Nature Publishing Group}
}

@incollection{popov2017coulomb,
  title={Coulomb's law of friction},
  author={Popov, Valentin L},
  booktitle={Contact Mechanics and Friction},
  pages={151--172},
  year={2017},
  publisher={Springer}
}


@book{forsyth1912lectures,
  title={Lectures on the differential geometry of curves and surfaces},
  author={Forsyth, Andrew Russell},
  year={1912},
  publisher={University Press}
}

@book{whittaker1937treatise,
  title={A treatise on the analytical dynamics of particles and rigid bodies},
  author={Whittaker, Edmund Taylor},
  year={1937},
  publisher={CUP Archive}
}

@article{belendez2007exact,
  title={Exact solution for the nonlinear pendulum},
  author={Bel{\'e}ndez, Augusto and Pascual, Carolina and M{\'e}ndez, DI and Bel{\'e}ndez, Tarsicio and Neipp, Cristian},
  journal={Revista Brasileira de Ensino de F{\'\i}sica},
  volume={29},
  number={4},
  pages={645--648},
  year={2007},
  publisher={SciELO Brasil}
}

@article{klamkin1962transformation,
  title={On the transformation of a class of boundary value problems into initial value problems for ordinary differential equations},
  author={Klamkin, Murray S},
  journal={SIAM Review},
  volume={4},
  number={1},
  pages={43--47},
  year={1962},
  publisher={SIAM}
}

@book{goldstein1938modern,
  title={Modern developments in fluid dynamics: an account of theory and experiment relating to boundary layers, turbulent motion and wakes},
  author={Goldstein, Sydney},
  number={V.1},
  lccn={39031190},
  series={Modern Developments in Fluid Dynamics},
  year={1938},
  publisher={Clarendon Press}
}

% url={https://books.google.com/books?id=xGrQAAAAMAAJ},
% \mu_0

@article{Tomlinson1929friction,
author = { G.A.   Tomlinson},
title = {{CVI.} {A} molecular theory of friction},
journal = {The London, Edinburgh, and Dublin Philosophical Magazine and Journal of Science},
volume = {7},
number = {46},
pages = {905-939},
year  = {1929},
publisher = {Taylor & Francis}
}

%,doi = {10.1080/14786440608564819},

@article{beare1935physical,
  title={Physical properties of surfaces I-Kinetic friction},
  author={Beare, WG and Bowden, Frank Philip},
  journal={Philosophical Transactions of the Royal Society of London. Series A, Mathematical and Physical Sciences},
  volume={234},
  number={741},
  pages={329--354},
  year={1935},
  publisher={The Royal Society London}
}

@book{deulin2010mechanics,
  title={Mechanics and physics of precise vacuum mechanisms},
  author={Deulin, Eugeni A and Mikhailov, VP and Panfilov, Yu V and Nevshupa, RA},
  volume={91},
  year={2010},
  publisher={Springer}
}

@article{marsal2013mechanical,
  title={Mechanical properties and tribological behavior of a silica or/and alumina coating prepared by sol-gel route on stainless steel},
  author={Marsal, Alexis and Ansart, Florence and Turq, Viviane and Bonino, Jean-Pierre and Sobrino, Jean-Michel and Chen, Yan Min and Garcia, Julien},
  journal={Surface and Coatings Technology},
  volume={237},
  pages={234--240},
  year={2013},
  publisher={Elsevier}
}


@article{euler1750novo,
  title={De novo genere oscillationum},
  author={Euler, Leonhard},
  journal={Commentarii Academi{\ae} Scientiarum Petropolitan{\ae}},
  pages={128--149},
  year={1750}
}


%stick-slip

@article{berman1996origin,
  title={Origin and characterization of different stick-slip friction mechanisms},
  author={Berman, Alan D and Ducker, William A and Israelachvili, Jacob N},
  journal={Langmuir},
  volume={12},
  number={19},
  pages={4559--4563},
  year={1996},
  publisher={ACS Publications}
}


@article{rabinowicz1966friction,
  title={Friction and wear of materials},
  author={Rabinowicz, Ernest and Tanner, RI},
  journal={Journal of Applied Mechanics},
  volume={33},
  number={2},
  pages={479},
  year={1966}
}

@article{mora1994simulation,
  title={Simulation of the frictional stick-slip instability},
  author={Mora, Peter and Place, David},
  journal={Pure and Applied Geophysics},
  volume={143},
  number={1},
  pages={61--87},
  year={1994},
  publisher={Springer}
}


@article{Sayaka2021Sawtooth,
  title={Sawtooth patterns in flexural force curves of structural biological materials are not signatures of toughness enhancement},
  author={Kochiyama, Sayaka and Fang, Wenqiang and Monn, Michael A and Kesari, Haneesh},
  journal={Journal of the Mechanical Behavior of Biomedical Materials},
  pages={104362},
  year={2021},
  publisher={Elsevier}
}

@article{deng2019effect,
  title={Effect of machine stiffness on interpreting contact force--indentation depth curves in adhesive elastic contact experiments},
  author={Deng, Weilin and Kesari, Haneesh},
  journal={Journal of the Mechanics and Physics of Solids},
  volume={131},
  pages={404--423},
  year={2019},
  publisher={Elsevier}
}
