@article{gere1997mechanics,
  title={Mechanics of materials, 1997},
  author={Gere, JM and Timoshenko, SP},
  journal={PWS-KENT Publishing Company, ISBN 0},
  volume={534},
  number={92174},
  pages={4},
  year={1997}
}


@article{monn2017enhanced,
  title={Enhanced bending failure strain in biological glass fibers due to internal lamellar architecture},
  author={Monn, Michael A and Kesari, Haneesh},
  journal={Journal of the mechanical behavior of biomedical materials},
  volume={76},
  pages={69--75},
  year={2017},
  publisher={Elsevier}
}

@article{kochiyama2021sawtooth,
  title={Sawtooth patterns in flexural force curves of structural biological materials are not signatures of toughness enhancement: Part I},
  author={Kochiyama, Sayaka and Fang, Wenqiang and Monn, Michael A and Kesari, Haneesh},
  journal={Journal of the Mechanical Behavior of Biomedical Materials},
  volume={119},
  pages={104362},
  year={2021},
  publisher={Elsevier}
}

@article{antman2005problems,
  title={Problems in nonlinear elasticity},
  author={Antman, Stuart S},
  journal={Nonlinear Problems of Elasticity},
  pages={513--584},
  year={2005},
  publisher={Springer}
}

@article{FangShearBeam,
  title={Finite shear deformable beam theory},
  author={Fang, Wenqiang and Larsen, J. Christopher and Kesari, Haneesh},
  journal={Under preparation},
}

