@article{kochiyama2021sawtooth,
  title={Sawtooth patterns in flexural force curves of structural biological materials are not signatures of toughness enhancement},
  author={Kochiyama, Sayaka and Fang, Wenqiang and Monn, Michael A and Kesari, Haneesh},
  journal={Journal of the Mechanical Behavior of Biomedical Materials},
  pages={104362},
  year={2021},
  publisher={Elsevier}
}

@article{monn2020lamellar,
  title={Lamellar architectures in stiff biomaterials may not always be templates for enhancing toughness in composites},
  author={Monn, Michael A and Vijaykumar, Kaushik and Kochiyama, Sayaka and Kesari, Haneesh},
  journal={Nature communications},
  volume={11},
  number={1},
  pages={1--12},
  year={2020},
  publisher={Nature Publishing Group}
}
