@book{hughes2012finite,
  title={The {F}inite {E}lement {M}ethod: {L}inear {S}tatic and {D}ynamic {F}inite {E}lement {A}nalysis},
  author={Hughes, Thomas JR},
  year={2012},
  address={North Chelmsford, Massachusetts, USA},
  publisher={Courier Corporation}
}

@article{kamat2000structural,
  title={Structural basis for the fracture toughness of the shell of the conch Strombus gigas},
  author={Kamat, S and Su, X and Ballarini, R and Heuer, AH},
  journal={Nature},
  volume={405},
  number={6790},
  pages={1036--1040},
  year={2000},
  publisher={Nature Publishing Group}
}

@inproceedings{ritchie2003failure,
  title={Failure of silicon: Crack formation and propagation},
  author={Ritchie, Robert O},
  booktitle={13th Workshop on Crystalline solar cell materials and processes},
  volume={42},
  year={2003}
}

@article{chen1980fracture,
  title={Fracture toughness of silicon},
  author={Chen, Chern P and Leipold, Martin H},
  journal={American Ceramic Society Bulletin},
  volume={59},
  pages={469--472},
  year={1980}
}

@article{paris1965fracture,
  title={Fracture toughness testing and its applications},
  author={Paris, Paul C and Sih, George C},
  journal={ASTM Committee E-24},
  volume={381},
  pages={30--83},
  year={1965}
}

@techreport{irwin1956onset,
  title={Onset of fast crack propagation in high strength steel and aluminum alloys},
  author={Irwin, George Rankin},
  year={1956},
  institution={NAVAL RESEARCH LAB WASHINGTON DC}
}

@inbook{anderson2017fracture,
  title={Fracture {M}echanics: {F}undamentals and {A}pplications},
  author={Anderson, Ted L},
  year={2017},
  publisher={CRC press},
  address={Boca Raton, Florida, USA},
  pages={1--96}
}

@article{griffith1921phenomena,
  title={The phenomena of rupture and flow in solids},
  author={Griffith, Alan A},
  journal={Philosophical transactions of the royal society of london. Series A, containing papers of a mathematical or physical character},
  volume={221},
  pages={163--198},
  year={1921},
  publisher={JSTOR}
}

@article{zhu2012review,
  title={Review of fracture toughness (G, K, J, CTOD, CTOA) testing and standardization},
  author={Zhu, Xian-Kui and Joyce, James A},
  journal={Engineering Fracture Mechanics},
  volume={85},
  pages={1--46},
  year={2012},
  publisher={Elsevier}
}

@book{schwalbe2007classical,
  title={Classical fracture mechanics methods},
  author={Schwalbe, Karl-Heinz and Landes, John D and Heerens, J{\"u}rgen},
  year={2007},
  publisher={GKSS-Forschungszentrum, Bibliothek}
}

@book{astm2011standard,
  title={Standard test method for measurement of fracture toughness},
  author={ASTM Committee E08 on Fatigue and Fracture},
  year={2011},
  publisher={ASTM International}
}

@article{evans1990perspective,
  title={Perspective on the development of high-toughness ceramics},
  author={Evans, Anthony G},
  journal={Journal of the American Ceramic society},
  volume={73},
  number={2},
  pages={187--206},
  year={1990},
  publisher={Wiley Online Library}
}

@article{cook1964mechanism,
  title={A mechanism for the control of crack propagation in all-brittle systems},
  author={Cook, J and Gordon, JE and Evans, CC and Marsh, DM},
  journal={Proceedings of the Royal Society of London A: Mathematical, Physical and Engineering Sciences},
  volume={282},
  number={1391},
  pages={508--520},
  year={1964},
}

@book{draper2014applied,
  title={Applied regression analysis},
  author={Draper, Norman R and Smith, Harry},
  year={2014},
  publisher={John Wiley \& Sons}
}

@inbook{gere1997mechanics,
  title={Mechanics of Materials},
  author={Gere, J M and Timoshenko, S P},
  publisher={PWS},
  year={1997},
  pages={351--384},
  editor={},
  address={Boston, Massachusetts, USA}
}

@inbook{gere1997mechanics2,
  title={Mechanics of Materials},
  author={Gere, J M and Timoshenko, S P},
  publisher={PWS},
  year={1997},
  pages={597--699},
  editor={},
  address={Boston, Massachusetts, USA}
}

@article{oliver1992improved,
  title={An improved technique for determining hardness and elastic modulus using load and displacement sensing indentation experiments},
  author={Oliver, Warren Carl and Pharr, George Mathews},
  journal={Journal of materials research},
  volume={7},
  number={06},
  pages={1564--1583},
  year={1992},
  publisher={Cambridge Univ Press}
}

@article{launey2009fracture,
  title={On the fracture toughness of advanced materials},
  author={Launey, Maximilien E and Ritchie, Robert O},
  journal={Advanced Materials},
  volume={21},
  number={20},
  pages={2103--2110},
  year={2009},
  publisher={Wiley Online Library}
}

@article{beech1982three,
  title={Three-dimensional finite element calibration of the short-rod specimen},
  author={Beech, JF and Ingraffea, AR},
  journal={International Journal of Fracture},
  volume={18},
  number={3},
  pages={217--229},
  year={1982},
  publisher={Springer}
}

@article{anstis1981critical,
  title={A critical evaluation of indentation techniques for measuring fracture toughness: I, direct crack measurements},
  author={Anstis, GR and Chantikul, P and Lawn, Brian R and Marshall, DB},
  journal={Journal of the American Ceramic Society},
  volume={64},
  number={9},
  pages={533--538},
  year={1981},
  publisher={Wiley Online Library}
}

@book{quinn2007fractography,
  title={Fractography of Ceramics and Glasses},
  author={Quinn, George D},
  year={2007},
  publisher={National Institute of Standards and Technology},
  address={Washington DC, USA}
}

@article{wegst2004mechanical,
  title={The mechanical efficiency of natural materials},
  author={Wegst, UGK and Ashby, MF},
  journal={Philosophical Magazine},
  volume={84},
  number={21},
  pages={2167--2186},
  year={2004},
  publisher={Taylor \& Francis}
}

@phdthesis{park2011crack,
  title={Crack propagation through adhesive interface in glass driven by dynamic loading},
  author={Park, Hwun},
  year={2011},
  school={Purdue University}
}

%%%%%%%%%%%%%%%%%%%%% NACRE and OTHER SBMS
@article{jackson1988,
author = {Jackson, AP and Vincent, JFV and Turner, RM},
title = {{The mechanical design of nacre}},
journal = {Proceedings of the Royal society of London Series B: Biological Sciences},
year = {1988},
volume = {234},
number = {1277},
pages={415--440},
}

@article{rabiei2010failure,
  title={Failure mode transition in nacre and bone-like materials},
  author={Rabiei, Reza and Bekah, Sacheen and Barthelat, Francois},
  journal={Acta Biomaterialia},
  volume={6},
  number={10},
  pages={4081--4089},
  year={2010},
  publisher={Elsevier}
}

@article{currey1977,
  title={Mechanical properties of mother of pearl in tension},
  author={Currey, JD},
  journal={Proceedings of the Royal Society of London B: Biological Sciences},
  volume={196},
  number={1125},
  pages={443--463},
  year={1977},
  publisher={The Royal Society}
}

@article{currey1976,
  title={Further studies on the mechanical properties of mollusc shell material},
  author={Currey, JD},
  journal={Journal of Zoology},
  volume={180},
  number={4},
  pages={445--453},
  year={1976},
  publisher={Wiley Online Library}
}

@article{currey2003well,
  title={How well are bones designed to resist fracture?},
  author={Currey, John D},
  journal={Journal of Bone and Mineral Research},
  volume={18},
  number={4},
  pages={591--598},
  year={2003},
  publisher={Wiley Online Library}
}

@article{wang2001,
  title={Deformation mechanisms in nacre},
  author={Wang, RZ and Suo, Z and Evans, AG and Yao, N and Aksay, IA},
  journal={Journal of Materials Research},
  volume={16},
  number={9},
  pages={2485--2493},
  year={2001},
  publisher={Cambridge University Press}
}

@article{barthelat2011toughness,
  title={Toughness amplification in natural composites},
  author={Barthelat, Francois and Rabiei, Reza},
  journal={Journal of the Mechanics and Physics of Solids},
  volume={59},
  number={4},
  pages={829--840},
  year={2011},
  publisher={Elsevier}
}

@inbook{rabiei2012nacre,
  title={Natural Polymers},
  author={Rabiei, Reza and Bekah, Sacheen and Barthelat, Francois},
  publisher={Royal Society of Chemistry},
  address={London, United Kingdom},
  pages={113--149},
  year={2012}
}

@article{meyers2013structural,
  title={Structural biological materials: critical mechanics-materials connections},
  author={Meyers, Marc Andr{\'e} and McKittrick, Joanna and Chen, Po-Yu},
  journal={science},
  volume={339},
  number={6121},
  pages={773--779},
  year={2013},
  publisher={American Association for the Advancement of Science}
}

@article{browning2013mechanics,
  title={Mechanics of composite elasmoid fish scale assemblies and their bioinspired analogues},
  author={Browning, Ashley and Ortiz, Christine and Boyce, Mary C},
  journal={Journal of the mechanical behavior of biomedical materials},
  volume={19},
  pages={75--86},
  year={2013},
  publisher={Elsevier}
}

@article{weaver2012stomatopod,
  title={The stomatopod dactyl club: a formidable damage-tolerant biological hammer},
  author={Weaver, James C and Milliron, Garrett W and Miserez, Ali and Evans-Lutterodt, Kenneth and Herrera, Steven and Gallana, Isaias and Mershon, William J and Swanson, Brook and Zavattieri, Pablo and DiMasi, Elaine and others},
  journal={Science},
  volume={336},
  number={6086},
  pages={1275--1280},
  year={2012},
  publisher={American Association for the Advancement of Science}
}

@article{matsumoto2012fracture,
  title={Fracture toughness of wood and wood composites during crack propagation},
  author={Matsumoto, Noah and Nairn, John A},
  journal={Wood and Fiber Science},
  volume={44},
  number={2},
  pages={121--133},
  year={2012}
}

@article{launey2009mechanistic,
  title={Mechanistic aspects of fracture and R-curve behavior in elk antler bone},
  author={Launey, Maximilien E and Chen, Po-Yu and McKittrick, Joanna and Ritchie, Robert O},
  year={2010},
  journal={Acta Biomaterialia},
  volume={6},
  pages={}
}

@article{barthelat2007experimental,
  title={An {E}xperimental {I}nvestigation of {D}eformation and {F}racture of {N}acre--{M}other of {P}earl},
  author={Barthelat, F and Espinosa, HD},
  journal={Experimental {M}echanics},
  volume={47},
  number={3},
  pages={311--324},
  year={2007},
  publisher={Springer}
}

@article{liu2000bending,
  title={Bending and fracture of compact circumferential and osteonal lamellar bone of the baboon tibia},
  author={Liu, D and Wagner, HD and Weiner, S},
  journal={Journal of Materials Science: Materials in Medicine},
  volume={11},
  number={1},
  pages={49--60},
  year={2000},
  publisher={Springer}
}

@article{weiner1999lamellar,
  title={Lamellar bone: structure--function relations},
  author={Weiner, Steve and Traub, Wolfie and Wagner, H Daniel},
  journal={Journal of structural biology},
  volume={126},
  number={3},
  pages={241--255},
  year={1999},
  publisher={Elsevier}
}

@article{koester2008true,
  title={The true toughness of human cortical bone measured with realistically short cracks},
  author={Koester, Kurt J and Ager {III}, JW and Ritchie, RO},
  journal={Nature {M}aterials},
  volume={7},
  number={8},
  pages={672},
  year={2008},
  publisher={Nature Publishing Group}
}

@article{kuhn1996fracture,
  title={Fracture mechanisms of the Strombus gigas conch shell: implications for the design of brittle laminates},
  author={Kuhn-Spearing, LT and Kessler, H and Chateau, E and Ballarini, R and Heuer, AH and Spearing, SM},
  journal={Journal of Materials Science},
  volume={31},
  number={24},
  pages={6583--6594},
  year={1996},
  publisher={Springer}
}

@article{nalla2005mechanistic,
  title={Mechanistic aspects of fracture and R-curve behavior in human cortical bone},
  author={Nalla, R Kruzic and Kruzic, Jamie J and Kinney, John H and Ritchie, Robert O},
  journal={Biomaterials},
  volume={26},
  number={2},
  pages={217-231},
  year={2005},
  publisher={Elsevier}
}

@article{gao2017mass,
  title={Mass production of bulk artificial nacre with excellent mechanical properties},
  author={Gao, Huai-Ling and Chen, Si-Ming and Mao, Li-Bo and Song, Zhao-Qiang and Yao, Hong-Bin and C{\"o}lfen, Helmut and Luo, Xi-Sheng and Zhang, Fu and Pan, Zhao and Meng, Yu-Feng and Ni, Yong and Yu, Shu -Hong},
  journal={Nature Communications},
  volume={8},
  number={1},
  pages={287},
  year={2017},
  publisher={Nature Publishing Group}
}

@article{wang1995observations,
  title={Observations of damage morphologies in nacre during deformation and fracture},
  author={Wang, RZ and Wen, HB and Cui, FZ and Zhang, HB and Li, HD},
  journal={Journal of Materials Science},
  volume={30},
  number={9},
  pages={2299--2304},
  year={1995},
  publisher={Springer}
}

@article{sarikaya1989mechanical,
  title={Mechanical property-microstructural relationships in abalone shell},
  author={Sarikaya, M and Gunnison, KE and Yasrebi, M and Aksay, IA},
  journal={MRS Online Proceedings Library Archive},
  volume={174},
  year={1989},
  pages={109--116},
  publisher={Cambridge University Press}
}

@article{osuna2014shell,
  title={The shell organic matrix of the crossed lamellar queen conch shell (Strombus gigas)},
  author={Osuna-Mascar{\'o}, Antonio and Cruz-Bustos, Teresa and Benhamada, Sana and Guichard, Nathalie and Marie, Benjamin and Plasseraud, Laurent and Corneillat, Marion and Alcaraz, G{\'e}rard and Checa, Antonio and Marin, Fr{\'e}d{\'e}ric},
  journal={Comparative Biochemistry and Physiology Part B: Biochemistry and Molecular Biology},
  volume={168},
  pages={76--85},
  year={2014},
  publisher={Elsevier}
}

@article{karambelas2013strombus,
  title={Strombus gigas inspired biomimetic ceramic composites via SHELL---Sequential Hierarchical Engineered Layer Lamination},
  author={Karambelas, Gregory and Santhanam, Sridhar and Wing, Zachary N},
  journal={Ceramics International},
  volume={39},
  number={2},
  pages={1315--1325},
  year={2013},
  publisher={Elsevier}
}


%%%%%%%%%%%%%%%%%%%%% config
@article{jaya2012new,
  title={A new method for fracture toughness determination of graded (Pt, Ni) Al bond coats by microbeam bend tests},
  author={Jaya B, Nagamani and Jayaram, Vikram and Biswas, Sanjay Kumar},
  journal={Philosophical Magazine},
  volume={92},
  number={25--27},
  pages={3326--3345},
  year={2012},
  publisher={Taylor \& Francis}
}

@article{jaya2014crack,
  title={Crack stability in edge-notched clamped beam specimens: modeling and experiments},
  author={Jaya, B Nagamani and Jayaram, Vikram},
  journal={International Journal of Fracture},
  volume={188},
  number={2},
  pages={213--228},
  year={2014},
  publisher={Springer}
}

@article{jaya2015can,
  title={Can microscale fracture tests provide reliable fracture toughness values? A case study in silicon},
  author={Jaya, Balila Nagamani and Kirchlechner, Christoph and Dehm, Gerhard},
  journal={Journal of Materials Research},
  volume={30},
  number={5},
  pages={686--698},
  year={2015},
  publisher={Cambridge University Press}
}

%%%%%%%%%%%%%%%%%%%%% TPB fracture
@article{bush1976experimentally,
  title={Experimentally determined stress-intensity factors for single-edge-crack round bars loaded in bending},
  author={Bush, Arthur J},
  journal={Experimental Mechanics},
  volume={16},
  number={7},
  pages={249--257},
  year={1976},
  publisher={Springer}
}

@incollection{ouchterlony1981extension,
  title={Extension of the compliance and stress intensity formulas for the single edge crack round bar in bending},
  author={Ouchterlony, Finn},
  booktitle={Fracture Mechanics for Ceramics, Rocks, and Concrete},
  year={1981},
  publisher={ASTM International}
}

@techreport{gross1965stress,
  title={Stress-intensity factors for three-point bend specimens by boundary collocation},
  author={Gross, Bernard and Srawley, John E},
  year={1965},
  institution={NATIONAL AERONAUTICS AND SPACE ADMINISTRATION CLEVELAND OH LEWIS RESEARCH CENTER}
}

@article{guinea1998stress,
  title={Stress intensity factor, compliance and CMOD for a general three-point-bend beam},
  author={Guinea, GV and Pastor, JY and Planas, J and Elices, M},
  journal={International Journal of Fracture},
  volume={89},
  number={2},
  pages={103--116},
  year={1998},
  publisher={Springer}
}

@article{abraham1994remark,
  title={Remark on the determination of compliance coefficients at the crack section of a uniform beam with circular cross-section},
  author={Abraham, ONL and Brandon, JA and Cohen, AM},
  journal={Journal of Sound and vibration},
  volume={169},
  number={4},
  pages={570--574},
  year={1994},
  publisher={Academic Press}
}

@article{nash1969analysis,
  title={An analysis of the forces and bending moments generated during the notched beam impact test},
  author={Nash, Gerald E},
  journal={International Journal of Fracture Mechanics},
  volume={5},
  number={4},
  pages={269--286},
  year={1969},
  publisher={Springer}
}

@article{carpinteri1992stress,
  title={Stress intensity factors for straight-fronted edge cracks in round bars},
  author={Carpinteri, Andrea},
  journal={Engineering Fracture Mechanics},
  volume={42},
  number={6},
  pages={1035--1040},
  year={1992},
  publisher={Elsevier}
}

@article{hu1992crack,
  title={Crack-Bridging Analysis for Alumina Ceramics under Monotonic and Cyclic Loading},
  author={Hu, Xiaozhi and Mai, Yiu-Wing},
  journal={Journal of the American Ceramic Society},
  volume={75},
  number={4},
  pages={848--853},
  year={1992},
  publisher={Wiley Online Library}
}

%%%%%%%%%%%%%%%%%%%%% notch root

@article{fett2005influence,
  title={Influence of a finite notch root radius on fracture toughness},
  author={Fett, T},
  journal={Journal of the European Ceramic Society},
  volume={25},
  number={5},
  pages={543--547},
  year={2005},
  publisher={Elsevier}
}

@article{fett2008fracture,
  title={Fracture toughness test with a sharp notch introduced by focussed ion beam},
  author={Fett, Theo and Creek, Dominic and Wagner, Susanne and Rizzi, Gabriele and Volkert, Cynthia A},
  journal={International Journal of Fracture},
  volume={153},
  number={1},
  pages={85--92},
  year={2008},
  publisher={Springer}
}

@article{kubler1997fracture,
  title={Fracture toughness of ceramics using the SEVNB method: preliminary results},
  author={K{\"u}bler, Jakob},
  journal={Proceedings of the 21st Annual Conference on Composites, Advanced Ceramics, Materials, and Structures-B: Ceramic Engineering and Science Proceedings},
  volume={18},
  issue={4},
  pages={155--162},
  year={1997},
}

@article{atzori2001notch,
  title={Notch sensitivity and defect sensitivity under fatigue loading: two sides of the same medal},
  author={Atzori, Bruno and Lazzarin, Paolo},
  journal={International Journal of Fracture},
  volume={107},
  number={1},
  pages={1--8},
  year={2001},
  publisher={Springer}
}

@article{rocha2006effect,
  title={Effect of notch-root radius on the fracture toughness of composite Si 3 N 4 ceramics},
  author={Rocha, Cl{\'a}udio Vasconcelos and Da Costa, C{\'e}lio Albano},
  journal={Journal of Materials Engineering and Performance},
  volume={15},
  number={5},
  pages={591--595},
  year={2006},
  publisher={Springer}
}

@article{damani1996critical,
  title={Critical notch-root radius effect in SENB-S fracture toughness testing},
  author={Damani, R and Gstrein, R and Danzer, R},
  journal={Journal of the European Ceramic Society},
  volume={16},
  number={7},
  pages={695--702},
  year={1996},
  publisher={Elsevier}
}

@article{carolan2011effect,
  title={Effect of notch root radius on fracture toughness of polycrystalline cubic boron nitride},
  author={Carolan, Declan and Alveen, Patricia and Ivankovi{\'c}, A and Murphy, N},
  journal={Engineering Fracture Mechanics},
  volume={78},
  number={17},
  pages={2885--2895},
  year={2011},
  publisher={Elsevier}
}

%%%%%%%%%%%%%%%%%%%%% WoF Seminal

@article{nakayama1964bending,
  title={A bending method for direct measurement of fracture energy of brittle material},
  author={Nakayama, Junn},
  journal={Japanese Journal of Applied Physics},
  volume={3},
  number={7},
  pages={422},
  year={1964},
  publisher={IOP Publishing}
}

@article{tattersall1966work,
  title={The work of fracture and its measurement in metals, ceramics and other materials},
  author={Tattersall, Ho G and Tappin, G},
  journal={Journal of Materials Science},
  volume={1},
  number={3},
  pages={296--301},
  year={1966},
  publisher={Springer}
}

@article{davidge1968effective,
  title={The effective surface energy of brittle materials},
  author={Davidge, RW and Tappin, G},
  journal={Journal of Materials Science},
  volume={3},
  number={2},
  pages={165--173},
  year={1968},
  publisher={Springer}
}

%%%%%%%%%%%%%%%%%%%%% WoF fracture mech

@article{sakai1992work,
  title={Work-of-fracture of brittle materials with microcracking and crack bridging},
  author={Sakai, M and Ichikawa, H},
  journal={International Journal of Fracture},
  volume={55},
  number={1},
  pages={65--79},
  year={1992},
  publisher={Springer}
}

@article{barinov1994work,
  title={The work-of-fracture of brittle materials: Principle, determination, and applications},
  author={Barinov, SM and Sakai, M},
  journal={Journal of materials research},
  volume={9},
  number={6},
  pages={1412--1425},
  year={1994},
  publisher={Cambridge University Press}
}

@article{sakai1993fracture,
  title={Fracture toughness testing of brittle materials},
  author={Sakai, M and Bradt, RC},
  journal={International Materials Reviews},
  volume={38},
  number={2},
  pages={53--78},
  year={1993},
  publisher={Taylor \& Francis}
}


%%%%%%%%%%%%%%%%%%%%% WoF Practical

@article{cooper1977optimization,
  title={Optimization of the three-point bend test for fracture energy measurement},
  author={Cooper, GA},
  journal={Journal of Materials Science},
  volume={12},
  number={2},
  pages={277-289},
  year={1977},
  publisher={Springer}
}

@article{nakayama1981crack,
  title={Crack Stability in the Work-of-Fracture Test: Refractory Applications},
  author={Nakayama, J and Abe, H and Bradt, RC},
  journal={Journal of the American Ceramic Society},
  volume={64},
  number={11},
  pages={671--675},
  year={1981},
  publisher={Wiley Online Library}
}

@article{guinea1992measurement,
  title={Measurement of the fracture energy using three-point bend tests: Part 1--Influence of experimental procedures},
  author={Guinea, GV and Planas, J and Elices, M},
  journal={Materials and Structures},
  volume={25},
  number={4},
  pages={212-218},
  year={1992},
  publisher={Springer}
}

@article{planas1992measurement,
  title={Measurement of the fracture energy using three-point bend tests: Part 2--Influence of bulk energy dissipation},
  author={Planas, J and Elices, M and Guinea, GV},
  journal={Materials and Structures},
  volume={25},
  number={5},
  pages={305--312},
  year={1992},
  publisher={Springer}
}

@article{elices1992measurement,
  title={Measurement of the fracture energy using three-point bend tests: Part 3--Influence of cutting the P-$\delta$ tail},
  author={Elices, M and Guinea, GV and Planas, J},
  journal={Materials and Structures},
  volume={25},
  number={6},
  pages={327--334},
  year={1992},
  publisher={Springer}
}

@article{smith2009estimation,
  title={Estimation of fracture energy from the work of fracture and fracture surface area: I. Stable crack growth},
  author={Smith, Robert L and Mecholsky, John J and Freiman, Stephen W},
  journal={International journal of fracture},
  volume={156},
  number={1},
  pages={97--102},
  year={2009},
  publisher={Springer}
}

@article{simpson1973effect,
  title={Effect of microstructure on measurements of fracture energy of Al2O3},
  author={Simpson, LA},
  journal={Journal of the American Ceramic Society},
  volume={56},
  number={1},
  pages={7--11},
  year={1973},
  publisher={Wiley Online Library}
}

@article{hillerborg1985theoretical,
  title={The theoretical basis of a method to determine the fracture energyG F of concrete},
  author={Hillerborg, Arne},
  journal={Materials and structures},
  volume={18},
  number={4},
  pages={291--296},
  year={1985},
  publisher={Springer}
}

%%%%%%%%%%%%%%%%%%%%% FIB for fracture

@article{morishita2006fracture,
  title={Fracture Toughness of a Crystalline Silicon Carbide Fiber (Tyranno-SA3{\textregistered})},
  author={Morishita, Kohei and Ochiai, Shojiro and Okuda, Hiroshi and Inshikawa, Toshihiro and Sato, Mitsuhiko and Inoue, Tadanobu},
  journal={Journal of the American Ceramic Society},
  volume={89},
  number={8},
  pages={2571--2576},
  year={2006},
  publisher={Wiley Online Library}
}

@article{ochiai2014fracture,
  title={Fracture behavior and fracture toughness of pitch-based carbon fiber with an artificial notch introduced by a focused ion beam},
  author={Ochiai, Shojiro and Kuboshima, Shigetaka and Okuda, Hiroshi and Morishita, Kohei and Tsushima, Eiki},
  journal={Composite Interfaces},
  volume={21},
  number={4},
  pages={265--279},
  year={2014},
  publisher={Taylor \& Francis}
}

%%%%%%%%%%%%%%%%%%%%% MONN KESARI

@article{monn2015new,
  title={New functional insights into the internal architecture of the laminated anchor spicules of Euplectella aspergillum},
  author={Monn, Michael A and Weaver, James C and Zhang, Tianyang and Aizenberg, Joanna and Kesari, Haneesh},
  journal={Proceedings of the National Academy of Sciences},
  volume={112},
  number={16},
  pages={4976--4981},
  year={2015},
  publisher={National Acad Sciences}
}

@article{monn2017new,
  title={A new structure-property connection in the skeletal elements of the marine sponge Tethya aurantia that guards against buckling instability},
  author={Monn, Michael A and Kesari, Haneesh},
  journal={Scientific Reports},
  volume={7},
  pages={1--10},
  year={2017},
  publisher={Nature Publishing Group}
}

@article{monn2017millimeter,
  title={A Millimeter Scale Flexural Testing System for Measuring the Mechanical Properties of Marine Sponge Spicules},
  author={Monn, Michael A and Ferreira, Jarod and Yang, Jianzhe and Kesari, Haneesh},
  journal={Journal of Visualized Experiments: JoVE},
  pages={1--11},
  volume={128},
  note={DOI: 10.3791/56571},
  year={2017}
}

@article{monn2017enhanced,
  title={Enhanced bending failure strain in biological glass fibers due to internal lamellar architecture},
  author={Monn, Michael A and Kesari, Haneesh},
  journal={Journal of the Mechanical Behavior of Biomedical Materials},
  year={2017},
  pages={69--75},
  volume={76},
  publisher={Elsevier}
}

%%%%%%%%%%%%%%%%%%%%% Other Fracture
@article{huajian1991fracture,
  title={Fracture analysis of nonhomogeneous materials via a moduli-perturbation approach},
  author={Huajian, Gao},
  journal={International Journal of Solids and Structures},
  volume={27},
  number={13},
  pages={1663--1682},
  year={1991},
  publisher={Elsevier}
}

@article{simha2003inhomogeneity,
  title={Inhomogeneity effects on the crack driving force in elastic and elastic--plastic materials},
  author={Simha, NK and Fischer, FD and Kolednik, O and Chen, CR},
  journal={Journal of the Mechanics and Physics of Solids},
  volume={51},
  number={1},
  pages={209--240},
  year={2003},
  publisher={Elsevier}
}

%%%%%%%%%%%%%%%%%%%%% Sponges

@article{aizenberg2005skeleton,
  title={Skeleton of Euplectella sp.: structural hierarchy from the nanoscale to the macroscale},
  author={Aizenberg, Joanna and Weaver, James C and Thanawala, Monica S and Sundar, Vikram C and Morse, Daniel E and Fratzl, Peter},
  journal={Science},
  volume={309},
  number={5732},
  pages={275--278},
  year={2005},
  publisher={American Association for the Advancement of Science}
}

@article{miserez2008,
author = {Miserez, A and Weaver, JC and Thurner, PJ},
title = {{Effects of laminate architecture on fracture resistance of sponge biosilica: lessons from nature}},
journal = {Advanced Functional Materials},
volume={18},
number={8},
pages={1241--1248},
year = {2008}
}

@article{weaver2007hierarchical,
  title={Hierarchical assembly of the siliceous skeletal lattice of the hexactinellid sponge Euplectella aspergillum},
  author={Weaver, James C and Aizenberg, Joanna and Fantner, Georg E and Kisailus, David and Woesz, Alexander and Allen, Peter and Fields, Kirk and Porter, Michael J and Zok, Frank W and Hansma, Paul K and Fratzl, Peter and Morse, Daniel E},
  journal={Journal of Structural Biology},
  volume={158},
  number={1},
  pages={93--106},
  year={2007},
  publisher={Elsevier}
}

@article{weaver2010unifying,
  title={Unifying design strategies in demosponge and hexactinellid skeletal systems},
  author={Weaver, James C and Milliron, Garrett W and Allen, Peter and Miserez, Ali and Rawal, Aditya and Garay, Javier and Thurner, Philipp J and Seto, Jong and Mayzel, Boaz and Friesen, Larry Jon and Chmelka, Bradley F and Fratzl, Peter and Aizenberg, Joanna and Dauphin, Yannicke and Kisailus, David and Morse, Daniel E},
  journal={The Journal of Adhesion},
  volume={86},
  number={1},
  pages={72--95},
  year={2010},
  publisher={Taylor \& Francis}
}

@article{wang2010silica,
  title={Silica-protein composite layers of the giant basal spicules from Monorhaphis: basis for their mechanical stability},
  author={Wang, Xiaohong and Schlo{\ss}macher, Ute and Jochum, Klaus Peter and Gan, Lu and Stoll, Brigitte and Uriz, Iosune and M{\"u}ller, Werner EG},
  journal={Pure and Applied Chemistry},
  volume={82},
  number={1},
  pages={175--192},
  year={2010},
  publisher={De Gruyter}
}

@article{walter2007mechanisms,
  title={Mechanisms of toughening of a natural rigid composite},
  author={Walter, SL and Flinn, BD and Mayer, G},
  journal={Materials Science and Engineering: C},
  volume={27},
  number={3},
  pages={570--574},
  year={2007},
  publisher={Elsevier}
}

@article{walter2007effects,
  title={Effects of loading rate on the mechanical behavior of a natural rigid composite},
  author={Walter, SL and Flinn, BD and Mayer, G},
  journal={Acta {B}iomaterialia},
  volume={3},
  number={3},
  pages={377-382},
  year={2007},
  publisher={Elsevier}
}

@article{levi1989remarkably,
  title={A remarkably strong natural glassy rod: the anchoring spicule of the Monorhaphis sponge},
  author={Levi, C and Barton, JL and Guillemet, C and Le Bras, E and Lehuede, P},
  journal={Journal of Materials Science Letters},
  volume={8},
  number={3},
  pages={337--339},
  year={1989},
  publisher={Springer}
}

@article{woesz2006micromechanical,
  title={Micromechanical properties of biological silica in skeletons of deep-sea sponges},
  author={Woesz, Alexander and Weaver, James C and Kazanci, Murat and Dauphin, Yannicke and Aizenberg, Joanna and Morse, Daniel E and Fratzl, Peter},
  journal={Journal of Materials Research},
  volume={21},
  number={8},
  pages={2068--2078},
  year={2006},
  publisher={Cambridge University Press}
}

@article{sarikaya2001biomimetic,
  title={Biomimetic model of a sponge-spicular optical fiber---mechanical properties and structure},
  author={Sarikaya, M and Fong, H and Sunderland, N and Flinn, BD and Mayer, G and Mescher, A and Gaino, E},
  journal={Journal of Materials Research},
  volume={16},
  number={5},
  pages={1420--1428},
  year={2001},
  publisher={Cambridge University Press}
}

@article{zlotnikov2013situ,
  title={In situ elastic modulus measurements of ultrathin protein-rich organic layers in biosilica: towards deeper understanding of superior resistance to fracture of biocomposites},
  author={Zlotnikov, Igor and Shilo, Doron and Dauphin, Yannicke and Blumtritt, Horst and Werner, Peter and Zolotoyabko, Emil and Fratzl, Peter},
  journal={RSC Advances},
  volume={3},
  number={17},
  pages={5798--5802},
  year={2013},
  publisher={Royal Society of Chemistry}
}

@article{johnson2010influence,
  title={Influence of moisture on the mechanical behavior of a natural composite},
  author={Johnson, M and Walter, SL and Flinn, BD and Mayer, G},
  journal={Acta Biomaterialia},
  volume={6},
  number={6},
  pages={2181--2188},
  year={2010},
  publisher={Elsevier}
}

%%%%%%%%%%%%%%%%%%%%% glass properties
@article{wiederhorn1969fracture,
  title={Fracture surface energy of glass},
  author={Wiederhorn, So M},
  journal={Journal of the American Ceramic Society},
  volume={52},
  number={2},
  pages={99--105},
  year={1969},
  publisher={Wiley Online Library}
}

@article{shand1961correlation,
  title={Correlation of strength of glass with fracture flaws of measured size},
  author={Shand, Errol B},
  journal={Journal of the American Ceramic Society},
  volume={44},
  number={9},
  pages={451--455},
  year={1961},
  publisher={Wiley Online Library}
}



%%%%%%%%%%%%%%%%%%%%% INTRODUCTION

@article{munch2008tough,
  title={Tough, bio-inspired hybrid materials},
  author={Munch, Etienne and Launey, Maximimilan E and Alsem, Daan H and Saiz, Eduardo and Tomsia, Antoni P and Ritchie, Robert O},
  journal={Science},
  volume={322},
  number={5907},
  pages={1516--1520},
  year={2008},
  publisher={American Association for the Advancement of Science}
}

@article{li2013generalized,
  title={A generalized mechanical model for suture interfaces of arbitrary geometry},
  author={Li, Yaning and Ortiz, Christine and Boyce, Mary C},
  journal={Journal of the Mechanics and Physics of Solids},
  volume={61},
  number={4},
  pages={1144--1167},
  year={2013},
  publisher={Elsevier}
}

@article{lin20143d,
  title={3D printed, bio-inspired prototypes and analytical models for structured suture interfaces with geometrically-tuned deformation and failure behavior},
  author={Lin, Erica and Li, Yaning and Ortiz, Christine and Boyce, Mary C},
  journal={Journal of the Mechanics and Physics of Solids},
  volume={73},
  pages={166-182},
  year={2014},
  publisher={Elsevier}
}

@article{kolednik2011bioinspired,
  title={Bioinspired Design Criteria for Damage-Resistant Materials with Periodically Varying Microstructure},
  author={Kolednik, Otmar and Predan, Jozef and Fischer, Franz Dieter and Fratzl, Peter},
  journal={Advanced Functional Materials},
  volume={21},
  number={19},
  pages={3634--3641},
  year={2011},
  publisher={Wiley Online Library}
}

@article{fratzl2007hindered,
  title={Hindered crack propagation in materials with periodically varying Young's modulus---lessons from biological materials},
  author={Fratzl, Peter and Gupta, Himadri S and Fischer, Franz Dieter and Kolednik, Otmar},
  journal={Advanced Materials},
  volume={19},
  number={18},
  pages={2657--2661},
  year={2007},
  publisher={Wiley Online Library}
}

@article{kolednik2014improvements,
  title={Improvements of strength and fracture resistance by spatial material property variations},
  author={Kolednik, O and Predan, J and Fischer, FD and Fratzl, P},
  journal={Acta Materialia},
  volume={68},
  pages={279--294},
  year={2014},
  publisher={Elsevier}
}

@article{clegg1990simple,
  title={A simple way to make tough ceramics},
  author={Clegg, WJ and Kendall, K and Alford, N McN and Button, TW and Birchall, JD},
  journal={Nature},
  volume={347},
  number={6292},
  pages={455-457},
  year={1990},
  publisher={Springer}
}

@article{krstic2009fracture,
  title={Fracture toughness of concentric Si 3 N 4-based laminated structures},
  author={Krstic, Zoran and Krstic, Vladimir D},
  journal={Journal of the European Ceramic Society},
  volume={29},
  number={9},
  pages={1825--1829},
  year={2009},
  publisher={Elsevier}
}

@article{mayer2011new,
  title={New toughening concepts for ceramic composites from rigid natural materials},
  author={Mayer, George},
  journal={Journal of the Mechanical Behavior of Biomedical Materials},
  volume={4},
  number={5},
  pages={670--681},
  year={2011},
  publisher={Elsevier}
}

@article{mayer2005rigid,
  title={Rigid biological systems as models for synthetic composites},
  author={Mayer, George},
  journal={Science},
  volume={310},
  number={5751},
  pages={1144--1147},
  year={2005},
  publisher={American Association for the Advancement of Science}
}

%%%%%%%%%%%%%%%%%%%%% Spicule Chemistry
@article{arasuna2018structural,
  title={Structural Characterization of the Body Frame and Spicules of a Glass Sponge},
  author={Arasuna, Akane and Kigawa, Masahito and Fujii, Shunsuke and Endo, Takatsugu and Takahashi, Kenji and Okuno, Masayuki},
  journal={Minerals},
  volume={8},
  number={3},
  pages={88},
  note={DOI: 10.3390/min8030088},
  year={2018},
  publisher={Multidisciplinary Digital Publishing Institute}
}


@article{ehrlich2016supercontinuum,
  title={Supercontinuum generation in naturally occurring glass sponges spicules},
  author={Ehrlich, Hermann and Maldonado, Manuel and Parker, Andrew R and Kulchin, Yuri N and Schilling, J{\"o}rg and K{\"o}hler, Benjamin and Skrzypczak, Ulrich and Simon, Paul and Reiswig, Henry M and Tsurkan, Mikhail V and others},
  journal={Advanced Optical Materials},
  volume={4},
  number={10},
  pages={1608--1613},
  note={DOI: 10.1002/adom.201600454},
  year={2016},
  publisher={Wiley Online Library}
}

@article{ehrlich2010chitin,
  title={Chitin and collagen as universal and alternative templates in biomineralization},
  author={Ehrlich, Hermann},
  journal={International Geology Review},
  volume={52},
  number={7-8},
  pages={661--699},
  year={2010},
  publisher={Taylor \& Francis}
}

@article{ehrlich2007first,
  title={First evidence of the presence of chitin in skeletons of marine sponges. Part II. Glass sponges (Hexactinellida: Porifera)},
  author={Ehrlich, Hermann and Krautter, Manfred and Hanke, Thomas and Simon, Paul and Knieb, Christiane and Heinemann, Sascha and Worch, Hartmut},
  journal={Journal of Experimental Zoology Part B: Molecular and Developmental Evolution},
  volume={308},
  number={4},
  pages={473--483},
  year={2007},
  publisher={Wiley Online Library}
}

@article{ehrlich2010mineralization,
  title={Mineralization of the metre-long biosilica structures of glass sponges is templated on hydroxylated collagen},
  author={Ehrlich, Hermann and Deutzmann, Rainer and Brunner, Eike and Cappellini, Enrico and Koon, Hannah and Solazzo, Caroline and Yang, Yue and Ashford, David and Thomas-Oates, Jane and Lubeck, Markus and others},
  journal={Nature chemistry},
  volume={2},
  number={12},
  pages={1084--1088},
  year={2010},
  publisher={Nature Research}
}

@article{ehrlich2008nanostructural,
  title={Nanostructural organization of naturally occurring composites-Part I: Silica-collagen-based biocomposites},
  author={Ehrlich, Hermann and Heinemann, Sascha and Heinemann, Christiane and Simon, Paul and Bazhenov, Vasily V and Shapkin, Nikolay P and Born, Ren{\'e} and Tabachnick, Konstantin R and Hanke, Thomas and Worch, Hartmut},
  journal={Journal of Nanomaterials},
  volume={2008},
  pages={53},
  year={2008},
  publisher={Hindawi Publishing Corp.}
}

@article{weaver2003nanostructural,
  title={Nanostructural features of demosponge biosilica},
  author={Weaver, James C and Pietrasanta, I and Hedin, Niklas and Chmelka, Bradley F and Hansma, Paul K and Morse, Daniel E},
  journal={Journal of Structural Biology},
  volume={144},
  number={3},
  pages={271--281},
  year={2003},
  publisher={Elsevier}
}

@article{sandford2003physical,
  title={Physical and chemical analysis of the siliceous skeletons in six sponges of two groups (Demospongiae and Hexactinellida)},
  author={Sandford, Floyd},
  journal={Microscopy research and technique},
  volume={62},
  number={4},
  pages={336--355},
  year={2003},
  publisher={Wiley Online Library}
}

%%%%%%%%%%%%%%%%%%%%%%hierarchy

@article{launey2010mechanistic,
  title={On the mechanistic origins of toughness in bone},
  author={Launey, Maximilien E and Buehler, Markus J and Ritchie, Robert O},
  journal={Annual review of materials research},
  volume={40},
  pages={25--53},
  year={2010},
  publisher={Annual Reviews}
}

@article{gao2006application,
  title={Application of fracture mechanics concepts to hierarchical biomechanics of bone and bone-like materials},
  author={Gao, Huajian},
  journal={International Journal of Fracture},
  volume={138},
  number={1-4},
  pages={101},
  year={2006},
  publisher={Springer}
}

@article{zhang2011optimal,
  title={On optimal hierarchy of load-bearing biological materials},
  author={Zhang, Zuoqi and Zhang, Yong-Wei and Gao, Huajian},
  journal={Proceedings of the Royal Society of London B: Biological Sciences},
  volume={278},
  number={1705},
  pages={519--525},
  year={2011},
  publisher={The Royal Society}
}

@article{barthelat2007mechanics,
  title={On the mechanics of mother-of-pearl: a key feature in the material hierarchical structure},
  author={Barthelat, Francois and Tang, Huang and Zavattieri, Pablo D and Li, C-M and Espinosa, Horacio D},
  journal={Journal of the Mechanics and Physics of Solids},
  volume={55},
  number={2},
  pages={306--337},
  year={2007},
  publisher={Elsevier}
}

@article{barthelat2007biomimetics,
  title={Biomimetics for next generation materials},
  author={Barthelat, Francois},
  journal={Philosophical Transactions of the Royal Society of London: A},
  volume={365},
  number={1861},
  pages={2907--2919},
  year={2007},
  publisher={The Royal Society}
}

@article{chen2008fracture,
  title={Fracture Mechanisms of Bone: A Comparative Study between Antler and Bovine Femur},
  author={Chen, P Y and Sheppard, F A and Curiel, J M and McKittrick, J},
  journal={MRS Proceedings},
  volume={1132},
  pages={1--6},
  year={2008},
  publisher={Cambridge University Press}
}

@article{currey2009mechanical,
  title={The mechanical properties of red deer antler bone when used in fighting},
  author={Currey, John D and Landete-Castillejos, Tomas and Estevez, J and Ceacero, Fernando and Olguin, Augusto and Garcia, A and Gallego, Laureano},
  journal={Journal of Experimental Biology},
  volume={212},
  number={24},
  pages={3985--3993},
  year={2009},
  publisher={The Company of Biologists Ltd}
}

@article{nyman2006influence,
  title={The influence of water removal on the strength and toughness of cortical bone},
  author={Nyman, Jeffry S and Roy, Anuradha and Shen, Xinmei and Acuna, Rae L and Tyler, Jerrod H and Wang, Xiaodu},
  journal={Journal of Biomechanics},
  volume={39},
  number={5},
  pages={931--938},
  year={2006},
  publisher={Elsevier}
}

@inbook{dym1973solid,
  title={Solid mechanics},
  author={Dym, Clive L and Shames, Irving Herman},
  publisher={Springer},
  chapter={The Elastica},
  pages={516--521},
  year={1973}
}

@inbook{barthelat2009review,
  author={Barthelat, Francois and Rim, Jee E and Espinosa, Horacio D},
  title={Applied Scanning Probe Methods XIII},
  pages={17--44},
  year={2009},
  address={New York, New York, USA},
  publisher={Springer}
}

@article{tenhuisen1995formation,
  title={Formation and properties of a synthetic bone composite: hydroxyapatite--collagen},
  author={Tenhuisen, Kevor S and Martin, Roger I and Klimkiewicz, Maria and Brown, Paul W},
  journal={Journal of Biomedical Materials Research Part A},
  volume={29},
  number={7},
  pages={803--810},
  year={1995},
  publisher={Wiley Online Library}
}

@inbook{carmichael1982crc,
  title={CRC {H}andbook of {P}hysical {P}roperties of Rocks},
  author={Carmichael, Robert S},
  year={1982},
  publisher={CRC Press},
  address={Boca Raton, Florida, USA}
}





%% VRF

@article{bourdin2000numerical,
  title={Numerical experiments in revisited brittle fracture},
  author={Bourdin, Blaise and Francfort, Gilles A and Marigo, Jean-Jacques},
  journal={Journal of the Mechanics and Physics of Solids},
  volume={48},
  number={4},
  pages={797--826},
  year={2000},
  publisher={Elsevier}
}

@article{bourdin_2008,
	title={The {V}ariational {A}pproach to {F}racture},
	author={Bourdin, Blaise and Francfort, Gilles A and Marigo, Jean-Jacques},
	journal={Journal of {E}lasticity},
	volume={91},
	number={1-3},
	pages={5--148},
	year={2008},
	publisher={Springer}
}
@article{francfort_1998,
	title={Revisiting brittle fracture as an energy minimization problem},
	author={Francfort, Gilles A and Marigo, J-J},
	journal={Journal of the Mechanics and Physics of Solids},
	volume={46},
	number={8},
	pages={1319--1342},
	year={1998},
	publisher={Elsevier}
}
@article{weaver_2010,
  title={Unifying design strategies in demosponge and hexactinellid skeletal systems},
  author={Weaver, James C and Milliron, Garrett W and Allen, Peter and Miserez, Ali and Rawal, Aditya and Garay, Javier and Thurner, Philipp J and Seto, Jong and Mayzel, Boaz and Friesen,   Larry Jon and others},
  journal={The Journal of Adhesion},
  volume={86},
  number={1},
  pages={72--95},
  year={2010},
  publisher={Taylor Francis}
}
@article{clegg_1990,
	title={A simple way to make tough ceramics},
	author={Clegg, WJ and Kendall, K and Alford, N McN and Button, TW and Birchall, JD},
	journal={Nature},
	volume={347},
	number={6292},
	pages={455--457},
	year={1990},
	publisher={Nature Publishing Group}
}
@article{borden_2012,
	title={A phase-field description of dynamic brittle fracture},
	author={Borden, Michael J and Verhoosel, Clemens V and Scott, Michael A and Hughes, Thomas JR and Landis, Chad M},
	journal={Computer Methods in Applied Mechanics and Engineering},
	volume={217},
	pages={77--95},
	year={2012},
	publisher={Elsevier}
}
@article{miehe_2010,
	title={Thermodynamically consistent phase-field models of fracture: Variational principles and multi-field FE implementations},
	author={Miehe, C and Welschinger, F and Hofacker, M},
	journal={International Journal for Numerical Methods in Engineering},
	volume={83},
	number={10},
	pages={1273--1311},
	year={2010},
	publisher={Wiley Online Library}
}
@article{xu_1994,
	title={Numerical simulations of fast crack growth in brittle solids},
	author={Xu, X-P and Needleman, Alan},
	journal={Journal of the Mechanics and Physics of Solids},
	volume={42},
	number={9},
	pages={1397--1434},
	year={1994},
	publisher={Elsevier}
}
@software{Mathematica_10pt1,
	title={Mathematica},
	author={Wolfram Research, Inc.},
	journal={Version 10.1},
	volume={},
	number={},
	pages={},
	year={2015},
	publisher={ Wolfram Research, Inc.}
}
@article{kuhn_2010,
  title={A continuum phase field model for fracture},
  author={Kuhn, Charlotte and M{\"u}ller, Ralf},
  journal={Engineering Fracture Mechanics},
  volume={77},
  number={18},
  pages={3625--3634},
  year={2010},
  publisher={Elsevier}
}
@article{dolbow_1999,
  title={A finite element method for crack growth without remeshing},
  author={Dolbow, JOHN and Belytschko, T},
  journal={Int. J. Numer. Meth. Eng},
  volume={46},
  number={1},
  pages={131--150},
  year={1999}
}
@article{camacho_1996,
  title={Computational modelling of impact damage in brittle materials},
  author={Camacho, Godofredo T and Ortiz, M},
  journal={International Journal of solids and structures},
  volume={33},
  number={20},
  pages={2899--2938},
  year={1996},
  publisher={Elsevier}
}
@article{he_1989,
  title={Kinking of a crack out of an interface},
  author={He, Ming-Yuan and Hutchinson, John W},
  journal={Journal of Applied Mechanics},
  volume={56},
  number={2},
  pages={270--278},
  year={1989},
  publisher={American Society of Mechanical Engineers}
}
@article{currey_1977,
  title={Mechanical properties of mother of pearl in tension},
  author={Currey, JD},
  journal={Proceedings of the Royal Society of London. Series B. Biological Sciences},
  volume={196},
  number={1125},
  pages={443--463},
  year={1977},
  publisher={The Royal Society}
}
@article{dugdale_1960,
  title={Yielding of steel sheets containing slits},
  author={Dugdale, DS},
  journal={Journal of the Mechanics and Physics of Solids},
  volume={8},
  number={2},
  pages={100--104},
  year={1960},
  publisher={Elsevier}
}
@software{Abaqus_6.12,
  title={reference manual},
  author={Abaqus},
  year={2012},
  publisher={Simulia}
}

@book{ambrosio_1990a,
  title={On the {A}pproximation of {F}ree {D}iscontinuity {P}roblems},
  author={Ambrosio, Luigi and Tortorelli, Vincenzo Maria},
  year={1990},
  address={Pisa, Italy},
  publisher={Scuola Normale Superiore}
}
@article{ambrosio_1990b,
  title={Approximation of functional depending on jumps by elliptic functional via t-convergence},
  author={Ambrosio, Luigi and Tortorelli, Vincenzo Maria},
  journal={Communications on Pure and Applied Mathematics},
  volume={43},
  number={8},
  pages={999--1036},
  year={1990},
  publisher={Wiley Online Library}
}
@article{mumford_1989,
  title={Optimal approximations by piecewise smooth functions and associated variational problems},
  author={Mumford, David and Shah, Jayant},
  journal={Communications on pure and applied mathematics},
  volume={42},
  number={5},
  pages={577--685},
  year={1989},
  publisher={Wiley Online Library}
}
}
@article{chambolle_2005,
  title={Addendum to An approximation result for special functions with bounded deformation. J. Math. Pures Appl.(9) 83 (7)(2004) 929--954]: the N-dimensional case},
  author={Chambolle, Antonin},
  journal={Journal de {M}ath{\'e}matiques {P}ures et {A}ppliqu{\'e}es},
  volume={84},
  number={1},
  pages={137--145},
  year={2005},
  publisher={Elsevier}
}
@article{evans_1990,
	title={Perspective on the development of high-toughness ceramics},
	author={Evans, Anthony G},
	journal={Journal of the American Ceramic society},
	volume={73},
	number={2},
	pages={187--206},
	year={1990},
	publisher={Wiley Online Library}
}
@article{griffith_1921,
	title={The phenomena of rupture and flow in solids},
	author={Griffith, Alan A},
	journal={Philosophical {T}ransactions of the {R}oyal {S}ociety of {L}ondon Series {A}: {C}ontaining {P}apers of a {M}athematical or {P}hysical {C}haracter},
	volume={221},
	pages={163--198},
	year={1921},
	publisher={JSTOR}
}
@article{pro2015gpu,
  title={GPU-based simulations of fracture in idealized brick and mortar composites},
  author={Pro, JW and Lim, RK and Petzold, LR and Utz, M and Begley, MR},
  journal={Journal of the Mechanics and Physics of Solids},
  volume={80},
  pages={68--85},
  year={2015},
  publisher={Elsevier}
}
@article{lim2016high,
  title={High-performance simulation of fracture in idealized 'brick and mortar' composites using adaptive Monte Carlo minimization on the GPU},
  author={Lim, RK and Pro, JW and Begley, MR and Utz, M and Petzold, LR},
  journal={International Journal of High Performance Computing Applications},
  volume={30},
  number={2},
  pages={186--199},
  year={2016},
  publisher={SAGE Publications}
}
@article{zavattieri2007determination,
  title={Determination of the effective mode-{I} toughness of a sinusoidal interface between two elastic solids},
  author={Zavattieri, PD and Hector Jr, LG and Bower, AF},
  journal={International Journal of Fracture},
  volume={145},
  number={3},
  pages={167--180},
  year={2007},
  publisher={Springer}
}

%%%%%%%%%%%%%%%%%%%%%%%%%%%%%%%%%%%%%%%%%%%%%%%%%%%%%%%%%%%%
%% Nacre

@article{Currey:1977wf,
author = {Currey, JD},
title = {{Mechanical properties of mother of pearl in tension}},
journal = {Proceedings of the Royal Society B: Biological Sciences},
year = {1977},
volume={196},
number={1125},
pages={443--463},
}

@article{barthelat2015architectured,
  title={Architectured materials in engineering and biology: fabrication, structure, mechanics and performance},
  author={Barthelat, F},
  journal={International Materials Reviews},
  volume={60},
  number={8},
  pages={413--440},
  year={2015},
  publisher={Taylor \& Francis}
}

@article{smith1999molecular,
  title={Molecular mechanistic origin of the toughness of natural adhesives, fibres and composites},
  author={Smith, BL and Sch{\"a}ffer, TE and Viani, M and Thompson, JB and Frederick, NA and Kindt, J and Belcher, A and Stucky, GD and Morse, DE and Hansma, PK},
  journal={Nature},
  volume={399},
  number={6738},
  pages={761--763},
  year={1999},
  publisher={Nature Publishing Group}
}

@article{meyers2008mechanical,
  title={Mechanical strength of abalone nacre: role of the soft organic layer},
  author={Meyers, MA and Lin, AYM and Chen, PY and Muyco, J},
  journal={Journal of the Mechanical behavior of biomedical materials},
  volume={1},
  number={1},
  pages={76--85},
  year={2008},
  publisher={Elsevier}
}

@article{li2004nanoscale,
  title={Nanoscale structural and mechanical characterization of a natural nanocomposite material: the shell of red abalone},
  author={Li, X and Chang, WC and Chao, YJ and Wang, R and Chang, M},
  journal={Nano Letters},
  volume={4},
  number={4},
  pages={613--617},
  year={2004},
  publisher={ACS Publications}
}

@article{lin2006mechanical,
  title={Mechanical properties and structure of Strombus gigas, Tridacna gigas, and Haliotis rufescens sea shells: a comparative study},
  author={Lin, AYM and Meyers, MA and Vecchio, KS},
  journal={Materials Science and Engineering: C},
  volume={26},
  number={8},
  pages={1380--1389},
  year={2006},
  publisher={Elsevier}
}

@article{chen2013bio,
  title={Bio-mimetic mechanisms of natural hierarchical materials: a review},
  author={Chen, Q and Pugno, NM},
  journal={journal of the mechanical behavior of biomedical materials},
  volume={19},
  pages={3--33},
  year={2013},
  publisher={Elsevier}
}

@inproceedings{sarikaya1989mechanical,
  title={Mechanical property-microstructural relationships in abalone shell},
  author={Sarikaya, M and Gunnison, KE and Yasrebi, M and Aksay, IA},
  booktitle={MRS Proceedings},
  volume={174},
  pages={109},
  year={1989},
  organization={Cambridge Univ Press}
}

@article{currey1976further,
  title={Further studies on the mechanical properties of mollusc shell material},
  author={Currey, JD},
  journal={Journal of Zoology},
  volume={180},
  number={4},
  pages={445--453},
  year={1976},
  publisher={Wiley Online Library}
}

@article{tang2007elasto,
  title={An elasto-viscoplastic interface model for investigating the constitutive behavior of nacre},
  author={Tang, H and Barthelat, F and Espinosa, HD},
  journal={Journal of the Mechanics and Physics of Solids},
  volume={55},
  number={7},
  pages={1410-1438},
  year={2007},
  publisher={Elsevier}
}

@article{wang2001deformation,
  title={Deformation mechanisms in nacre},
  author={Wang, RZ and Suo, Z and Evans, AG and Yao, N and Aksay, IA},
  journal={Journal of Materials Research},
  volume={16},
  number={09},
  pages={2485--2493},
  year={2001},
  publisher={Cambridge Univ Press}
}

@article{barthelat2011toughness,
  title={Toughness amplification in natural composites},
  author={Barthelat, F and Rabiei, R},
  journal={Journal of the Mechanics and Physics of Solids},
  volume={59},
  number={4},
  pages={829--840},
  year={2011},
  publisher={Elsevier}
}


@article{ritchie2011conflicts,
  title={The conflicts between strength and toughness},
  author={Ritchie, RO},
  journal={Nature Materials},
  volume={10},
  number={11},
  pages={817--822},
  year={2011},
  publisher={Nature Publishing Group}
}
@article{meyers2006structural,
  title={Structural biological composites: an overview},
  author={Meyers, MA and Lin, AYM and Seki, Y and Chen, PY and Kad, BK and Bodde, S},
  journal={Jom},
  volume={58},
  number={7},
  pages={35--41},
  year={2006},
  publisher={Springer}
}

@article{fratzl2007nature,
  title={Nature’s hierarchical materials},
  author={Fratzl, P and Weinkamer, R},
  journal={Progress in Materials Science},
  volume={52},
  number={8},
  pages={1263--1334},
  year={2007},
  publisher={Elsevier}
}


@article{meyers2008biological,
  title={Biological materials: structure and mechanical properties},
  author={Meyers, MA and Chen, PY and Lin, AYM and Seki, Y},
  journal={Progress in Materials Science},
  volume={53},
  number={1},
  pages={1--206},
  year={2008},
  publisher={Elsevier}
}
@article{bower1991three,
  title={A three-dimensional analysis of crack trapping and bridging by tough particles},
  author={Bower, AF and Ortiz, M},
  journal={Journal of the Mechanics and Physics of Solids},
  volume={39},
  number={6},
  pages={815--858},
  year={1991},
  publisher={Pergamon}
}
@article{xu1998influence,
  title={The influence of crack trapping on the toughness of fiber reinforced composites},
  author={Xu, G and Bower, AF and Ortiz, M},
  journal={Journal of the Mechanics and Physics of Solids},
  volume={46},
  number={10},
  pages={1815--1833},
  year={1998},
  publisher={Elsevier}
}
@article{mower1995experimental,
  title={Experimental investigations of crack trapping in brittle heterogeneous solids},
  author={Mower, Todd M and Argon, Ali S},
  journal={Mechanics of Materials},
  volume={19},
  number={4},
  pages={343--364},
  year={1995},
  publisher={Elsevier}
}
@article{suresh1985fatigue,
	title={Fatigue crack deflection and fracture surface contact: micromechanical models},
	author={Suresh, S},
	journal={Metallurgical Transactions A},
	volume={16},
	number={1},
	pages={249--260},
	year={1985},
	publisher={Springer}
}
@article{evans2001model,
	title={Model for the robust mechanical behavior of nacre},
	author={Evans, AG and Suo, Z and Wang, RZ and Aksay, IA and He, MY and Hutchinson, JW},
	journal={Journal of Materials Research},
	volume={16},
	number={09},
	pages={2475--2484},
	year={2001},
	publisher={Cambridge Univ Press}
}
@article{huajian1991fracture,
	title={Fracture analysis of nonhomogeneous materials via a moduli-perturbation approach},
	author={Huajian, Gao},
	journal={International Journal of Solids and Structures},
	volume={27},
	number={13},
	pages={1663--1682},
	year={1991},
	publisher={Elsevier}
}
@article{gao1989first,
	title={A first-order perturbation analysis of crack trapping by arrays of obstacles},
	author={Gao, Huajian and Rice, James R},
	journal={Journal of applied mechanics},
	volume={56},
	number={4},
	pages={828--836},
	year={1989},
	publisher={American Society of Mechanical Engineers}
}
@article{hutchinson1991mixed,
	title={Mixed mode cracking in layered materials},
	author={Hutchinson, John W and Suo, Zhigang},
	journal={Advances in applied mechanics},
	volume={29},
	pages={63--191},
	year={1991},
	publisher={Elsevier}
}

@article{zavattieri2007determination,
  title={Determination of the effective mode-{I} toughness of a sinusoidal interface between two elastic solids},
  author={Zavattieri, PD and Hector Jr, LG and Bower, AF},
  journal={International Journal of Fracture},
  volume={145},
  number={3},
  pages={167--180},
  year={2007},
  publisher={Springer}
}
@article{pro2015gpu,
  title={GPU-based simulations of fracture in idealized brick and mortar composites},
  author={Pro, JW and Lim, RK and Petzold, LR and Utz, M and Begley, MR},
  journal={Journal of the Mechanics and Physics of Solids},
  volume={80},
  pages={68--85},
  year={2015},
  publisher={Elsevier}
}
@article{lim2016high,
  title={High-performance simulation of fracture in idealized 'brick and mortar' composites using adaptive Monte Carlo minimization on the GPU},
  author={Lim, RK and Pro, JW and Begley, MR and Utz, M and Petzold, LR},
  journal={International Journal of High Performance Computing Applications},
  volume={30},
  number={2},
  pages={186--199},
  year={2016},
  publisher={SAGE Publications}
}
@article{hossain2014effective,
  title={Effective toughness of heterogeneous media},
  author={Hossain, MZ and Hsueh, C-J and Bourdin, B and Bhattacharya, K},
  journal={Journal of the Mechanics and Physics of Solids},
  volume={71},
  pages={15--32},
  year={2014},
  publisher={Elsevier}
}
@article{song2008comparative,
  title={A comparative study on finite element methods for dynamic fracture},
  author={Song, JH and Wang, H and Belytschko, T},
  journal={Computational Mechanics},
  volume={42},
  number={2},
  pages={239--250},
  year={2008},
  publisher={Springer}
}
@article{belytschko2003dynamic,
  title={Dynamic crack propagation based on loss of hyperbolicity and a new discontinuous enrichment},
  author={Belytschko, T and Chen, H and Xu, J and Zi, G},
  journal={International journal for numerical methods in engineering},
  volume={58},
  number={12},
  pages={1873--1905},
  year={2003},
  publisher={Wiley Online Library}
}
@article{moes2002non,
  title={Non-planar 3D crack growth by the extended finite element and level sets--Part {I}: Mechanical model},
  author={Mo{\"e}s, N and Gravouil, A and Belytschko, T},
  journal={International Journal for Numerical Methods in Engineering},
  volume={53},
  number={11},
  pages={2549--2568},
  year={2002},
  publisher={Wiley Online Library}
}
@article{barsoum1977triangular,
  title={Triangular quarter-point elements as elastic and perfectly-plastic crack tip elements},
  author={Barsoum, RS},
  journal={International Journal for numerical Methods in engineering},
  volume={11},
  number={1},
  pages={85--98},
  year={1977},
  publisher={Wiley Online Library}
}
@article{akin1976generation,
  title={The generation of elements with singularities},
  author={Akin, JE},
  journal={International Journal for Numerical Methods in Engineering},
  volume={10},
  number={6},
  pages={1249--1259},
  year={1976},
  publisher={Wiley Online Library}
}
@book{bower2009applied,
  title={Applied mechanics of solids},
  author={Bower, Allan F},
  year={2009},
  publisher={CRC press}
}
@article{veljkovic2005crack,
  title={The crack kinking out of an interface},
  author={Veljkovic, Jelena and others},
  journal={Theor Appl Mech},
  volume={32},
  number={3},
  pages={208--221},
  year={2005}
}
@article{cotterell1980slightly,
  title={Slightly curved or kinked cracks},
  author={Cotterell, B and Rice, JRf},
  journal={International Journal of Fracture},
  volume={16},
  number={2},
  pages={155--169},
  year={1980},
  publisher={Springer}
}
@article{cordisco2012toughness,
	title={Toughness of a patterned interface between two elastically dissimilar solids},
	author={Cordisco, Fernando A and Zavattieri, Pablo D and Hector, Louis G and Bower, Allan F},
	journal={Engineering Fracture Mechanics},
	volume={96},
	pages={192--208},
	year={2012},
	publisher={Elsevier}
}
@article{jackson1988mechanical,
  title={The mechanical design of nacre},
  author={Jackson, AP and Vincent, JFV and Turner, RM},
  journal={Proceedings of the Royal Society of London B: Biological Sciences},
  volume={234},
  number={1277},
  pages={415--440},
  year={1988},
  publisher={The Royal Society}
}

@article{wegst2015bioinspired,
  title={Bioinspired structural materials},
  author={Wegst, Ulrike GK and Bai, Hao and Saiz, Eduardo and Tomsia, Antoni P and Ritchie, Robert O},
  journal={Nature Materials},
  volume={14},
  number={1},
  pages={23--36},
  year={2015},
  publisher={Nature Research}
}
@article{delale1988interface,
  title={Interface crack in a nonhomogeneous elastic medium},
  author={Delale, F and Erdogan, F},
  journal={International Journal of Engineering Science},
  volume={26},
  number={6},
  pages={559--568},
  year={1988},
  publisher={Elsevier}
}
@article{zlotnikov2013situ,
  title={In situ elastic modulus measurements of ultrathin protein-rich organic layers in biosilica: towards deeper understanding of superior resistance to fracture of biocomposites},
  author={Zlotnikov, Igor and Shilo, Doron and Dauphin, Yannicke and Blumtritt, Horst and Werner, Peter and Zolotoyabko, Emil and Fratzl, Peter},
  journal={RSC Advances},
  volume={3},
  number={17},
  pages={5798--5802},
  year={2013},
  publisher={Royal Society of Chemistry}
}
@article{comninou1977interface,
  title={The interface crack},
  author={Comninou, Maria},
  journal={J. appl. Mech},
  volume={44},
  number={4},
  pages={631--636},
  year={1977}
}
@article{cook1972stresses,
  title={Stresses in bonded materials with a crack perpendicular to the interface},
  author={Cook, TS and Erdogan, F},
  journal={International Journal of Engineering Science},
  volume={10},
  number={8},
  pages={677--697},
  year={1972},
  publisher={Elsevier}
}
@article{sukumar2015extended,
  title={Extended finite element method in computational fracture mechanics: a retrospective examination},
  author={Sukumar, N and Dolbow, JE and Mo{\"e}s, N},
  journal={International Journal of Fracture},
  volume={196},
  number={1-2},
  pages={189--206},
  year={2015},
  publisher={Springer}
}
@article{wang2010morphology,
  title={Morphology of Sponge Spicules: Silicatein a Structural Protein for Bio-Silica Formation},
  author={Wang, Xiaohong and Wiens, Matthias and Schr{\"o}der, Heinz C and Hu, Shixue and Mugnaioli, Enrico and Kolb, Ute and Tremel, Wolfgang and Pisignano, Dario and M{\"u}ller, Werner EG},
  journal={Advanced Engineering Materials},
  volume={12},
  number={9},
  pages={422--437},
  year={2010},
  publisher={Wiley Online Library}
}

@article{neilson2014mesostructure,
  title={Mesostructure from hydration gradients in demosponge biosilica},
  author={Neilson, James R and George, Nathan C and Murr, Meredith M and Seshadri, Ram and Morse, Daniel E},
  journal={Chemistry--A European Journal},
  volume={20},
  number={17},
  pages={4956--4965},
  year={2014},
  publisher={Wiley Online Library}
}
@article{lange1970interaction,
  title={The interaction of a crack front with a second-phase dispersion},
  author={Lange, FF},
  journal={Philosophical Magazine},
  volume={22},
  number={179},
  pages={983--992},
  year={1970},
  publisher={Taylor \& Francis}
}
@article{tvergaard1996toughness,
  title={On the toughness of ductile adhesive joints},
  author={Tvergaard, Viggo and Hutchinson, John W},
  journal={Journal of the Mechanics and Physics of Solids},
  volume={44},
  number={5},
  pages={789--800},
  year={1996},
  publisher={Elsevier}
}
@article{jaslow1990mechanical,
  title={Mechanical properties of cranial sutures},
  author={Jaslow, Carolyn Renzulli},
  journal={Journal of biomechanics},
  volume={23},
  number={4},
  pages={313--321},
  year={1990},
  publisher={Elsevier}
}
@article{lee2014hierarchical,
  title={Hierarchical multiscale structure--property relationships of the red-bellied woodpecker (Melanerpes carolinus) beak},
  author={Lee, Nayeon and Horstemeyer, MF and Rhee, Hongjoo and Nabors, Ben and Liao, Jun and Williams, Lakiesha N},
  journal={Journal of The Royal Society Interface},
  volume={11},
  number={96},
  pages={1--12},
  year={2014},
  publisher={The Royal Society}
}
@article{mirkhalaf2014overcoming,
  title={Overcoming the brittleness of glass through bio-inspiration and micro-architecture},
  author={Mirkhalaf, M and Dastjerdi, A Khayer and Barthelat, F},
  journal={Nature communications},
  volume={5},
  pages={1--9},
  year={2014},
  publisher={Nature Publishing Group}
}
@article{lin20143d,
  title={3D printed, bio-inspired prototypes and analytical models for structured suture interfaces with geometrically-tuned deformation and failure behavior},
  author={Lin, Erica and Li, Yaning and Ortiz, Christine and Boyce, Mary C},
  journal={Journal of the Mechanics and Physics of Solids},
  volume={73},
  pages={166-182},
  year={2014},
  publisher={Elsevier}
}
@article{li2011stiffness,
  title={Stiffness and strength of suture joints in nature},
  author={Li, Yaning and Ortiz, Christine and Boyce, Mary C},
  journal={Physical Review E},
  volume={84},
  number={6},
  pages={1--5},
  year={2011},
  publisher={APS}
}
@article{li2013generalized,
  title={A generalized mechanical model for suture interfaces of arbitrary geometry},
  author={Li, Yaning and Ortiz, Christine and Boyce, Mary C},
  journal={Journal of the Mechanics and Physics of Solids},
  volume={61},
  number={4},
  pages={1144--1167},
  year={2013},
  publisher={Elsevier}
}

@article{comninou1977interface,
  title={The interface crack},
  author={Comninou, Maria},
  journal={Journal of Applied Mechanics},
  volume={44},
  number={4},
  pages={631--636},
  year={1977},
  publisher={American Society of Mechanical Engineers}
}
@article{rice1988elastic,
  title={Elastic fracture mechanics concepts for interfacial cracks},
  author={Rice, JRf},
  journal={Journal of applied mechanics},
  volume={55},
  number={1},
  pages={98--103},
  year={1988},
  publisher={American Society of Mechanical Engineers}
}
@article{anderson1988small,
  title={Small scale contact conditions for the linear-elastic interface crack},
  author={Anderson, Peter M},
  journal={Journal of applied mechanics},
  volume={55},
  number={4},
  pages={814--817},
  year={1988},
  publisher={American Society of Mechanical Engineers}
}
@article{amor2009regularized,
  title={Regularized formulation of the variational brittle fracture with unilateral contact: Numerical experiments},
  author={Amor, Hanen and Marigo, Jean-Jacques and Maurini, Corrado},
  journal={Journal of the Mechanics and Physics of Solids},
  volume={57},
  number={8},
  pages={1209--1229},
  year={2009},
  publisher={Elsevier}
}

@article{Gerschgorin,
  title={\"{U}ber die Abgrenzung der Eigenwerte einer Matrix.},
  author={Gerschgorin, S},
  journal={Fiz.-Mat. Nauk},
  volume={7},
  number={},
  pages={749--754},
  year={1931},
  publisher={USSR Otd}
}

@article{rho1993young,
  title={Young's modulus of trabecular and cortical bone material: ultrasonic and microtensile measurements},
  author={Rho, Jae Young and Ashman, Richard B and Turner, Charles H},
  journal={Journal of biomechanics},
  volume={26},
  number={2},
  pages={111--119},
  year={1993},
  publisher={Elsevier}
}

@article{amiri2014phase,
  title={Phase-field modeling of fracture in linear thin shells},
  author={Amiri, F and Mill{\'a}n, D and Shen, Y and Rabczuk, T and Arroyo, M},
  journal={Theoretical and Applied Fracture Mechanics},
  volume={69},
  pages={102--109},
  year={2014},
  publisher={Elsevier}
}

@article{sistaninia2018design,
  title={To the design of highly fracture-resistant composites by the application of the yield stress inhomogeneity effect},
  author={Sistaninia, M and Kasberger, R and Kolednik, O},
  journal={Composite Structures},
  volume={185},
  pages={113--122},
  year={2018},
  publisher={Elsevier}
}

@article{zechner2013fracture,
  title={Fracture resistance of aluminum multilayer composites},
  author={Zechner, J and Kolednik, O},
  journal={Engineering Fracture Mechanics},
  volume={110},
  pages={489--500},
  year={2013},
  publisher={Elsevier}
}


@article{wu2017phase,
  title={Phase-field simulation of interactive mixed-mode fracture tests on cement mortar with full-field displacement boundary conditions},
  author={Wu, T and Carpiuc-Prisacari, A and Poncelet, Martin and De Lorenzis, L},
  journal={Engineering Fracture Mechanics},
  volume={182},
  pages={658--688},
  year={2017},
  publisher={Elsevier}
}

@article{dally2017phase,
  title={The phase-field approach as a tool for experimental validations in fracture mechanics},
  author={Dally, Tim and Weinberg, Kerstin},
  journal={Continuum Mechanics and Thermodynamics},
  volume={29},
  number={4},
  pages={947--956},
  year={2017},
  publisher={Springer}
}

@article{li2016gradient,
  title={Gradient damage modeling of brittle fracture in an explicit dynamics context},
  author={Li, Tianyi and Marigo, Jean-Jacques and Guilbaud, Daniel and Potapov, Serguei},
  journal={International Journal for Numerical Methods in Engineering},
  volume={108},
  number={11},
  pages={1381--1405},
  year={2016},
  publisher={Wiley Online Library}
}

@article{strobl2016constitutive,
  title={On constitutive assumptions in phase field approaches to brittle fracture},
  author={Strobl, Michael and Seelig, Thomas},
  journal={Procedia Structural Integrity},
  volume={2},
  pages={3705--3712},
  year={2016},
  publisher={Elsevier}
}

@article{miehe2010phase,
  title={A phase field model for rate-independent crack propagation: Robust algorithmic implementation based on operator splits},
  author={Miehe, Christian and Hofacker, Martina and Welschinger, Fabian},
  journal={Computer Methods in Applied Mechanics and Engineering},
  volume={199},
  number={45-48},
  pages={2765--2778},
  year={2010},
  publisher={Elsevier}
}

@techreport{ingraffea1990probabilistic,
  title={Probabilistic fracture mechanics: A validation of predictive capability},
  author={Ingraffea, Anthony R and Grigoriu, Mircea},
  year={1990},
  institution={CORNELL UNIV ITHACA NY DEPT OF STRUCTURAL ENGINEERING}
}

@article{mesgarnejad2015validation,
  title={Validation simulations for the variational approach to fracture},
  author={Mesgarnejad, A and Bourdin, B and Khonsari, MM},
  journal={Computer Methods in Applied Mechanics and Engineering},
  volume={290},
  pages={420--437},
  year={2015},
  publisher={Elsevier}
}

@article{ehrlich2006modern,
  title={A modern approach to demineralization of spicules in glass sponges (Porifera: Hexactinellida) for the purpose of extraction and examination of the protein matrix},
  author={Ehrlich, H and Ereskovskii, AV and Drozdov, AL and Krylova, DD and Hanke, T and Meissner, H and Heinemann, S and Worch, H},
  journal={Russian Journal of Marine Biology},
  volume={32},
  number={3},
  pages={186--193},
  year={2006},
  publisher={Springer}
}

@article{wysokowski2018biosilica,
  title={Biosilica as a source for inspiration in biological materials science},
  author={Wysokowski, Marcin and Jesionowski, Teofil and Ehrlich, Hermann},
  journal={American Mineralogist: Journal of Earth and Planetary Materials},
  volume={103},
  number={5},
  pages={665--691},
  year={2018},
  publisher={Mineralogical Society of America}
}

@article{shimizu2015glassin,
  title={Glassin, a histidine-rich protein from the siliceous skeletal system of the marine sponge Euplectella, directs silica polycondensation},
  author={Shimizu, Katsuhiko and Amano, Taro and Bari, Md Rezaul and Weaver, James C and Arima, Jiro and Mori, Nobuhiro},
  journal={Proceedings of the National Academy of Sciences},
  volume={112},
  number={37},
  pages={11449--11454},
  year={2015},
  publisher={National Acad Sciences}
}

%%%%%%%%%%%%%%%%%%%%%%%%%%%%%%%%%%%%%%%%%%%%%%%%
@inbook{gross2017fracture1,
  title={Fracture mechanics: with an introduction to micromechanics},
  author={Gross, Dietmar and Seelig, Thomas},
  year={2017},
  publisher={Springer},
  chapter={Energy balance, Griffith’s fracture criterion}
}

@inbook{lawn1993fracture1,
  title={Fracture of brittle solids},
  author={Lawn, Brian},
  year={1993},
  publisher={Cambridge university press},
  chapter={Continuum Aspects II: nonlinear crack-tip field}
}

@inbook{anderson2005fracture1,
  title={Fracture mechanics: fundamentals and applications},
  author={Anderson, Ted L and Anderson, Ted L},
  year={2005},
  publisher={CRC press},
  chapter={Ceramics and Ceramic Composites}
}


